{
  "fills": [
    {
      "trade_id": "9357ee88-d396-4814-a02a-d99667eb1220",
      "ticker": "KXBTCD-25JUL2812-T118749.99",
      "order_id": "3855b2de-af28-464b-8428-aa95e5e5cd3f",
      "side": "no",
      "action": "buy",
      "count": 20,
      "yes_price": 4,
      "no_price": 96,
      "is_taker": true,
      "created_time": "2025-07-28T15:48:57.939152Z"
    },
    {
      "trade_id": "4bcbcd50-57a1-49c0-bd9a-39532b918a66",
      "ticker": "KXBTCD-25JUL2811-T118499.99",
      "order_id": "90cf8dfc-7d01-4572-8f6a-d36a2dbc5ca6",
      "side": "no",
      "action": "buy",
      "count": 20,
      "yes_price": 8,
      "no_price": 92,
      "is_taker": true,
      "created_time": "2025-07-28T14:48:24.925094Z"
    },
    {
      "trade_id": "26cb6c35-2e46-4739-be37-5b2f03079252",
      "ticker": "KXBTCD-25JUL2811-T118749.99",
      "order_id": "0cb7eb20-ff18-4467-a528-37d4891378de",
      "side": "no",
      "action": "buy",
      "count": 20,
      "yes_price": 4,
      "no_price": 96,
      "is_taker": true,
      "created_time": "2025-07-28T14:45:42.232899Z"
    },
    {
      "trade_id": "d8778354-5ac5-4551-9067-6332eacefe5e",
      "ticker": "KXBTCD-25JUL2811-T117749.99",
      "order_id": "120d82fd-be6b-4d1c-9fd2-335aa2b0e2b4",
      "side": "yes",
      "action": "buy",
      "count": 20,
      "yes_price": 96,
      "no_price": 4,
      "is_taker": true,
      "created_time": "2025-07-28T14:45:10.575738Z"
    },
    {
      "trade_id": "12294fc0-8156-4d11-bd6f-ac16df949afc",
      "ticker": "KXBTCD-25JUL2810-T118249.99",
      "order_id": "0931ecf7-8c7f-4786-8ae2-b851066dffff",
      "side": "yes",
      "action": "buy",
      "count": 20,
      "yes_price": 92,
      "no_price": 8,
      "is_taker": true,
      "created_time": "2025-07-28T13:53:39.740367Z"
    },
    {
      "trade_id": "1309bf7d-a5c8-41c9-a4a6-e6936df4962c",
      "ticker": "KXBTCD-25JUL2810-T118749.99",
      "order_id": "8c0edaa2-83c5-4865-a1c2-051b1c19f984",
      "side": "no",
      "action": "buy",
      "count": 20,
      "yes_price": 11,
      "no_price": 89,
      "is_taker": true,
      "created_time": "2025-07-28T13:51:50.875711Z"
    },
    {
      "trade_id": "b3da86f5-ca63-40b4-b66f-776af85d4099",
      "ticker": "KXBTCD-25JUL2810-T117999.99",
      "order_id": "e348ae40-bc64-44ad-8c6d-c46e61bed533",
      "side": "yes",
      "action": "buy",
      "count": 20,
      "yes_price": 98,
      "no_price": 2,
      "is_taker": true,
      "created_time": "2025-07-28T13:50:17.365592Z"
    },
    {
      "trade_id": "922d86a7-252a-4523-b495-9bea6f503a78",
      "ticker": "KXBTCD-25JUL2810-T118999.99",
      "order_id": "8bca399e-2bed-4c84-8cc0-8410f2908bfe",
      "side": "no",
      "action": "buy",
      "count": 20,
      "yes_price": 1,
      "no_price": 99,
      "is_taker": true,
      "created_time": "2025-07-28T13:50:00.290011Z"
    },
    {
      "trade_id": "0979d8d2-3513-4e2c-8b24-8c3cb77fd739",
      "ticker": "KXBTCD-25JUL2810-T119249.99",
      "order_id": "ab29a2cf-119c-4397-8594-10880aa423c2",
      "side": "no",
      "action": "buy",
      "count": 20,
      "yes_price": 6,
      "no_price": 94,
      "is_taker": true,
      "created_time": "2025-07-28T13:45:39.883732Z"
    },
    {
      "trade_id": "61105c4a-db5b-4834-a8bb-4110298d2f55",
      "ticker": "KXBTCD-25JUL2810-T118249.99",
      "order_id": "ab5e3005-7daf-4c20-9cc8-b6b7cceb77b6",
      "side": "no",
      "action": "buy",
      "count": 1,
      "yes_price": 84,
      "no_price": 16,
      "is_taker": true,
      "created_time": "2025-07-28T13:04:46.594441Z"
    },
    {
      "trade_id": "4099dfb8-8979-412c-81fe-69955cc40e90",
      "ticker": "KXBTCD-25JUL2810-T118249.99",
      "order_id": "5d8c3e48-9130-458f-b1da-9f2776900c25",
      "side": "yes",
      "action": "buy",
      "count": 1,
      "yes_price": 88,
      "no_price": 12,
      "is_taker": true,
      "created_time": "2025-07-28T13:04:11.799039Z"
    },
    {
      "trade_id": "60f19012-d15f-46b2-81a9-de61d97d1cb4",
      "ticker": "KXBTCD-25JUL2810-T118249.99",
      "order_id": "10c12c19-1f04-4cfd-8a36-4338258157b0",
      "side": "no",
      "action": "buy",
      "count": 1,
      "yes_price": 83,
      "no_price": 17,
      "is_taker": true,
      "created_time": "2025-07-28T13:03:14.378843Z"
    },
    {
      "trade_id": "579e84db-d7f8-444e-a37e-92ec73cdd43a",
      "ticker": "KXBTCD-25JUL2810-T118249.99",
      "order_id": "23cf7aa9-499c-44a1-88c7-f7968fb0f6bc",
      "side": "yes",
      "action": "buy",
      "count": 1,
      "yes_price": 87,
      "no_price": 13,
      "is_taker": true,
      "created_time": "2025-07-28T13:03:07.695075Z"
    },
    {
      "trade_id": "6a62a09a-56cb-4e9f-aff0-bb8a6e1ea20d",
      "ticker": "KXBTCD-25JUL2721-T119999.99",
      "order_id": "1c31ce8b-c476-4f1c-a4fd-f9f8e14a812f",
      "side": "yes",
      "action": "buy",
      "count": 1,
      "yes_price": 4,
      "no_price": 96,
      "is_taker": true,
      "created_time": "2025-07-28T00:38:16.173609Z"
    },
    {
      "trade_id": "f425947e-f487-45c0-b7f5-2f460b54a718",
      "ticker": "KXBTCD-25JUL2721-T119749.99",
      "order_id": "f78ded8a-5f58-4369-9d3b-8d6ff85b39d7",
      "side": "yes",
      "action": "buy",
      "count": 1,
      "yes_price": 10,
      "no_price": 90,
      "is_taker": true,
      "created_time": "2025-07-28T00:38:13.886453Z"
    },
    {
      "trade_id": "bcd51080-3207-45ed-ad11-a5a438c1d0dd",
      "ticker": "KXBTCD-25JUL2721-T119749.99",
      "order_id": "9cc84d1a-564f-4e8a-851e-05ecb98459a6",
      "side": "no",
      "action": "buy",
      "count": 1,
      "yes_price": 10,
      "no_price": 90,
      "is_taker": true,
      "created_time": "2025-07-28T00:38:06.938558Z"
    },
    {
      "trade_id": "0acb47a7-cc4e-4cbf-a20a-21d993870f3f",
      "ticker": "KXBTCD-25JUL2721-T119999.99",
      "order_id": "8f6f2a8d-dc23-423c-8538-3a591769ead4",
      "side": "no",
      "action": "buy",
      "count": 1,
      "yes_price": 4,
      "no_price": 96,
      "is_taker": true,
      "created_time": "2025-07-28T00:35:20.047222Z"
    },
    {
      "trade_id": "4689eede-0ed8-4437-8aac-bffaae05f37e",
      "ticker": "KXBTCD-25JUL2720-T119499.99",
      "order_id": "48018487-51be-44a1-9334-ab3dcb3de2c4",
      "side": "no",
      "action": "buy",
      "count": 1,
      "yes_price": 4,
      "no_price": 96,
      "is_taker": true,
      "created_time": "2025-07-27T23:57:35.867131Z"
    },
    {
      "trade_id": "5a8e0f25-b33e-4502-85f4-b582e9b837c4",
      "ticker": "KXBTCD-25JUL2720-T119249.99",
      "order_id": "366d71f6-7c73-49cc-856c-ed450216e95e",
      "side": "no",
      "action": "buy",
      "count": 1,
      "yes_price": 97,
      "no_price": 3,
      "is_taker": true,
      "created_time": "2025-07-27T23:54:40.332091Z"
    },
    {
      "trade_id": "6b7e12de-7251-4b17-b640-38b46b111a3c",
      "ticker": "KXBTCD-25JUL2720-T119249.99",
      "order_id": "2de59ac5-72ac-4ff4-8962-77871ee83782",
      "side": "yes",
      "action": "buy",
      "count": 1,
      "yes_price": 93,
      "no_price": 7,
      "is_taker": true,
      "created_time": "2025-07-27T23:49:09.781378Z"
    },
    {
      "trade_id": "4c501e93-bb50-492f-a09b-911ddda79a51",
      "ticker": "KXBTCD-25JUL2720-T119749.99",
      "order_id": "7d4aceae-a0dc-40ff-bdf0-e2e9d517b58e",
      "side": "yes",
      "action": "buy",
      "count": 1,
      "yes_price": 6,
      "no_price": 94,
      "is_taker": true,
      "created_time": "2025-07-27T23:38:23.494533Z"
    },
    {
      "trade_id": "31376b40-0b97-42f4-914f-53b5cee68123",
      "ticker": "KXBTCD-25JUL2720-T119749.99",
      "order_id": "dede9755-bf13-4839-8a25-495704d0989c",
      "side": "no",
      "action": "buy",
      "count": 1,
      "yes_price": 4,
      "no_price": 96,
      "is_taker": true,
      "created_time": "2025-07-27T23:38:15.009877Z"
    },
    {
      "trade_id": "08c6408c-95ad-4be3-81f5-896c3b6c44d6",
      "ticker": "KXBTCD-25JUL2720-T119749.99",
      "order_id": "4125b312-8925-4043-a1e4-592935184319",
      "side": "yes",
      "action": "buy",
      "count": 1,
      "yes_price": 6,
      "no_price": 94,
      "is_taker": true,
      "created_time": "2025-07-27T23:36:02.023822Z"
    },
    {
      "trade_id": "9890e555-b8fd-4566-b6ca-b25207f9b185",
      "ticker": "KXBTCD-25JUL2720-T119749.99",
      "order_id": "6377d472-b433-406d-81c8-ababf5144afc",
      "side": "no",
      "action": "buy",
      "count": 1,
      "yes_price": 4,
      "no_price": 96,
      "is_taker": true,
      "created_time": "2025-07-27T23:34:18.828431Z"
    },
    {
      "trade_id": "ba333efb-68dc-4a35-a3eb-50fe3b17565f",
      "ticker": "KXBTCD-25JUL2719-T119249.99",
      "order_id": "7b059f81-3c39-4a13-be8e-1d60abdaa500",
      "side": "no",
      "action": "buy",
      "count": 1,
      "yes_price": 98,
      "no_price": 2,
      "is_taker": true,
      "created_time": "2025-07-27T22:49:41.512467Z"
    },
    {
      "trade_id": "45cacb3f-2b95-4b91-a799-4be6d8a45eb4",
      "ticker": "KXBTCD-25JUL2719-T119249.99",
      "order_id": "00407a22-33a1-4eee-98b8-8a644e46bcb5",
      "side": "yes",
      "action": "buy",
      "count": 1,
      "yes_price": 95,
      "no_price": 5,
      "is_taker": true,
      "created_time": "2025-07-27T22:11:14.576839Z"
    },
    {
      "trade_id": "5d84b7b1-f000-4ca5-bb4d-8addbd3fbe66",
      "ticker": "KXBTCD-25JUL2718-T118749.99",
      "order_id": "a484d2a6-ac31-4789-918f-9978dec50d3b",
      "side": "yes",
      "action": "buy",
      "count": 1,
      "yes_price": 93,
      "no_price": 7,
      "is_taker": true,
      "created_time": "2025-07-27T21:33:10.622496Z"
    },
    {
      "trade_id": "aaa19679-ff85-41f0-8666-93f7fb44a4a1",
      "ticker": "KXBTCD-25JUL2718-T118999.99",
      "order_id": "b9f348ae-6365-412b-bedd-f2bed0aa47ce",
      "side": "yes",
      "action": "buy",
      "count": 1,
      "yes_price": 59,
      "no_price": 41,
      "is_taker": true,
      "created_time": "2025-07-27T21:32:36.231463Z"
    },
    {
      "trade_id": "16ef2424-2782-4e48-a392-93f2297a9c15",
      "ticker": "KXBTCD-25JUL2718-T118999.99",
      "order_id": "1c1f4316-3786-429b-a650-878deeb7815f",
      "side": "no",
      "action": "buy",
      "count": 1,
      "yes_price": 23,
      "no_price": 77,
      "is_taker": true,
      "created_time": "2025-07-27T21:07:59.255554Z"
    },
    {
      "trade_id": "2063b169-11dc-4ed2-8c31-b4eb6d498207",
      "ticker": "KXBTCD-25JUL2717-T118999.99",
      "order_id": "5849c844-3c42-4a81-a39d-fd0656d6409c",
      "side": "no",
      "action": "buy",
      "count": 1,
      "yes_price": 32,
      "no_price": 68,
      "is_taker": true,
      "created_time": "2025-07-27T20:33:37.904505Z"
    },
    {
      "trade_id": "5dcc6297-0bab-4fcd-9734-053e8fe32d86",
      "ticker": "KXBTCD-25JUL2717-T118999.99",
      "order_id": "a28aa823-0dc3-4623-9d5f-d84522db63a3",
      "side": "yes",
      "action": "buy",
      "count": 1,
      "yes_price": 75,
      "no_price": 25,
      "is_taker": true,
      "created_time": "2025-07-27T20:13:10.472238Z"
    },
    {
      "trade_id": "13be8c47-b711-4701-a1b5-bdaa30947966",
      "ticker": "KXBTCD-25JUL2716-T118999.99",
      "order_id": "848ce02c-89ac-420b-8bd7-7ca5d00d9715",
      "side": "yes",
      "action": "buy",
      "count": 1,
      "yes_price": 95,
      "no_price": 5,
      "is_taker": true,
      "created_time": "2025-07-27T19:58:30.858164Z"
    },
    {
      "trade_id": "badf4ecd-24b9-49f0-a961-606e30049bdd",
      "ticker": "KXBTCD-25JUL2716-T118999.99",
      "order_id": "2317f5dc-fa3c-4cf7-ba64-56707c030308",
      "side": "yes",
      "action": "buy",
      "count": 1,
      "yes_price": 90,
      "no_price": 10,
      "is_taker": true,
      "created_time": "2025-07-27T19:58:11.301219Z"
    },
    {
      "trade_id": "b95663bf-fa3f-4e7a-9fb4-503a3fb2e264",
      "ticker": "KXBTCD-25JUL2716-T118999.99",
      "order_id": "d83235f4-8867-4cc9-9d53-845a41085b84",
      "side": "no",
      "action": "buy",
      "count": 1,
      "yes_price": 33,
      "no_price": 67,
      "is_taker": true,
      "created_time": "2025-07-27T19:57:06.400697Z"
    },
    {
      "trade_id": "173bd9ac-ab88-4535-b6cb-92f2645afe07",
      "ticker": "KXBTCD-25JUL2716-T118999.99",
      "order_id": "45b6bdb6-7e09-46ea-9dc1-490d970f381e",
      "side": "yes",
      "action": "buy",
      "count": 1,
      "yes_price": 32,
      "no_price": 68,
      "is_taker": true,
      "created_time": "2025-07-27T19:54:18.778774Z"
    },
    {
      "trade_id": "be04ce11-8d29-42f8-b976-ed901caa3f24",
      "ticker": "KXBTCD-25JUL2716-T118999.99",
      "order_id": "d0d9c880-e721-40cc-aec6-7c16dd4df733",
      "side": "no",
      "action": "buy",
      "count": 1,
      "yes_price": 30,
      "no_price": 70,
      "is_taker": true,
      "created_time": "2025-07-27T19:54:08.359701Z"
    },
    {
      "trade_id": "5a2cad5d-be35-4f1b-bdb1-ac6f411e1425",
      "ticker": "KXBTCD-25JUL2716-T119249.99",
      "order_id": "7760fe2d-5122-4ed4-aa8c-6954d89957f0",
      "side": "yes",
      "action": "buy",
      "count": 1,
      "yes_price": 3,
      "no_price": 97,
      "is_taker": true,
      "created_time": "2025-07-27T19:51:21.485691Z"
    },
    {
      "trade_id": "225f07ed-900c-4d26-a2d3-79858ed1e6f1",
      "ticker": "KXBTCD-25JUL2716-T119249.99",
      "order_id": "d42eda09-41c6-4022-956f-91be8fbc15be",
      "side": "no",
      "action": "buy",
      "count": 1,
      "yes_price": 2,
      "no_price": 98,
      "is_taker": true,
      "created_time": "2025-07-27T19:50:19.767849Z"
    },
    {
      "trade_id": "f4a5490f-df84-4f46-9885-ca7debe5d4fc",
      "ticker": "KXBTCD-25JUL2716-T119249.99",
      "order_id": "e2f9a3a9-d85c-42a6-84be-23f76ef690fb",
      "side": "yes",
      "action": "buy",
      "count": 1,
      "yes_price": 7,
      "no_price": 93,
      "is_taker": true,
      "created_time": "2025-07-27T19:46:53.86742Z"
    },
    {
      "trade_id": "80d3c0b3-9286-4098-b72b-e28cf576e649",
      "ticker": "KXBTCD-25JUL2716-T119249.99",
      "order_id": "d664873f-e265-4f49-89a3-408494e9ecf6",
      "side": "no",
      "action": "buy",
      "count": 1,
      "yes_price": 4,
      "no_price": 96,
      "is_taker": true,
      "created_time": "2025-07-27T19:43:55.360694Z"
    },
    {
      "trade_id": "2fec4b4d-99b2-4149-a7a8-18c5569fba4e",
      "ticker": "KXBTCD-25JUL2716-T118999.99",
      "order_id": "0355d40f-1642-48f8-9113-598e0b10e5eb",
      "side": "no",
      "action": "buy",
      "count": 1,
      "yes_price": 36,
      "no_price": 64,
      "is_taker": true,
      "created_time": "2025-07-27T19:17:32.233362Z"
    },
    {
      "trade_id": "10a5d6da-42c9-4348-9ddd-21eb9d828bc1",
      "ticker": "KXBTCD-25JUL2716-T118999.99",
      "order_id": "0ce39129-e2b5-4096-ace1-3412473baccb",
      "side": "yes",
      "action": "buy",
      "count": 1,
      "yes_price": 57,
      "no_price": 43,
      "is_taker": true,
      "created_time": "2025-07-27T19:11:04.506671Z"
    },
    {
      "trade_id": "d406e04d-ae47-4bd3-af3d-f6cbcb1f7778",
      "ticker": "KXBTCD-25JUL2716-T118999.99",
      "order_id": "ecb05d4d-5f05-415d-a185-816f5a4f0acb",
      "side": "yes",
      "action": "buy",
      "count": 1,
      "yes_price": 54,
      "no_price": 46,
      "is_taker": true,
      "created_time": "2025-07-27T19:09:45.997615Z"
    },
    {
      "trade_id": "af19b8c1-1d7d-40da-b0f5-b4dd1130e193",
      "ticker": "KXBTCD-25JUL2716-T118999.99",
      "order_id": "600790a3-e476-4bd4-b179-56db72a3f1a7",
      "side": "no",
      "action": "buy",
      "count": 1,
      "yes_price": 43,
      "no_price": 57,
      "is_taker": true,
      "created_time": "2025-07-27T19:05:30.351271Z"
    },
    {
      "trade_id": "14d4e083-58d1-4c6a-b00f-e453abb32134",
      "ticker": "KXBTCD-25JUL2714-T118749.99",
      "order_id": "426bc4f1-6341-4caf-ae81-e9d3a6a6b19d",
      "side": "yes",
      "action": "buy",
      "count": 1,
      "yes_price": 98,
      "no_price": 2,
      "is_taker": true,
      "created_time": "2025-07-27T17:42:16.18897Z"
    },
    {
      "trade_id": "0a6a7a23-2f84-4793-b280-d5e1b67067ca",
      "ticker": "KXBTCD-25JUL2714-T118499.99",
      "order_id": "e2134cc2-d663-4c54-ab7d-a0f463437788",
      "side": "yes",
      "action": "buy",
      "count": 1,
      "yes_price": 96,
      "no_price": 4,
      "is_taker": true,
      "created_time": "2025-07-27T17:16:52.51844Z"
    },
    {
      "trade_id": "0c58b1fb-382b-4777-a28b-1e95103855cc",
      "ticker": "KXBTCD-25JUL2713-T118999.99",
      "order_id": "b608b203-6140-49a5-9f98-2e0e6013322c",
      "side": "yes",
      "action": "buy",
      "count": 1,
      "yes_price": 98,
      "no_price": 2,
      "is_taker": true,
      "created_time": "2025-07-27T16:55:04.975703Z"
    },
    {
      "trade_id": "56651703-00a3-4e5e-9c0b-306f87314fbd",
      "ticker": "KXBTCD-25JUL2618-T117999.99",
      "order_id": "4a598066-a881-4981-a649-872c5f01910c",
      "side": "no",
      "action": "buy",
      "count": 1,
      "yes_price": 92,
      "no_price": 8,
      "is_taker": true,
      "created_time": "2025-07-26T21:53:17.667192Z"
    },
    {
      "trade_id": "2e209554-c602-43e1-9710-36e65a3b8ca3",
      "ticker": "KXBTCD-25JUL2618-T117999.99",
      "order_id": "301eac97-86e5-4b42-9bdc-ab5d021fd503",
      "side": "yes",
      "action": "buy",
      "count": 1,
      "yes_price": 95,
      "no_price": 5,
      "is_taker": true,
      "created_time": "2025-07-26T21:52:56.686492Z"
    },
    {
      "trade_id": "ee6448bb-9526-450c-bce9-d30066e72842",
      "ticker": "KXBTCD-25JUL2520-T117749.99",
      "order_id": "8a437701-9a00-4b4a-9371-929adf6cfafb",
      "side": "yes",
      "action": "buy",
      "count": 1,
      "yes_price": 16,
      "no_price": 84,
      "is_taker": true,
      "created_time": "2025-07-25T23:48:47.046641Z"
    },
    {
      "trade_id": "45efe02d-fc3b-4477-a58a-31e3398980d0",
      "ticker": "KXBTCD-25JUL2520-T117749.99",
      "order_id": "a41725de-23c6-4551-a773-dd95502a8d66",
      "side": "no",
      "action": "buy",
      "count": 1,
      "yes_price": 8,
      "no_price": 92,
      "is_taker": true,
      "created_time": "2025-07-25T23:45:35.043342Z"
    },
    {
      "trade_id": "f5d7f26c-3385-4369-acef-ac3bac69eabe",
      "ticker": "KXBTCD-25JUL2520-T117499.99",
      "order_id": "95504300-0d8a-44b1-a780-38a7b368ed24",
      "side": "no",
      "action": "buy",
      "count": 1,
      "yes_price": 75,
      "no_price": 25,
      "is_taker": true,
      "created_time": "2025-07-25T23:41:35.539409Z"
    },
    {
      "trade_id": "ad0d356b-a615-4c26-a1a3-ce784779a6a8",
      "ticker": "KXBTCD-25JUL2520-T117499.99",
      "order_id": "233ae8bc-9409-4b3e-9a98-2e6b5724a331",
      "side": "yes",
      "action": "buy",
      "count": 1,
      "yes_price": 76,
      "no_price": 24,
      "is_taker": true,
      "created_time": "2025-07-25T23:41:06.187202Z"
    },
    {
      "trade_id": "371cb132-124f-407b-ac52-f03f8ccfbee5",
      "ticker": "KXBTCD-25JUL2520-T117249.99",
      "order_id": "54a10c66-fd90-4bc9-9847-b52a375cead6",
      "side": "no",
      "action": "buy",
      "count": 1,
      "yes_price": 93,
      "no_price": 7,
      "is_taker": true,
      "created_time": "2025-07-25T23:39:41.611299Z"
    },
    {
      "trade_id": "1e9ea774-b84e-4801-a962-9e94533fa651",
      "ticker": "KXBTCD-25JUL2520-T117249.99",
      "order_id": "beaa55d9-a599-4423-9c42-3123e87d08fe",
      "side": "yes",
      "action": "buy",
      "count": 1,
      "yes_price": 98,
      "no_price": 2,
      "is_taker": true,
      "created_time": "2025-07-25T23:39:18.164916Z"
    },
    {
      "trade_id": "fc25134d-96a9-41c7-83af-1098855453c1",
      "ticker": "KXBTCD-25JUL2516-T116499.99",
      "order_id": "0cfce562-4e40-4994-b804-56f51da0c95c",
      "side": "yes",
      "action": "buy",
      "count": 20,
      "yes_price": 97,
      "no_price": 3,
      "is_taker": true,
      "created_time": "2025-07-25T19:50:09.258856Z"
    },
    {
      "trade_id": "6f0c6a40-852a-427c-aa0e-e51303aa52b6",
      "ticker": "KXBTCD-25JUL2516-T116499.99",
      "order_id": "5f09ca34-0153-4f36-b0d9-917f41807498",
      "side": "yes",
      "action": "buy",
      "count": 20,
      "yes_price": 97,
      "no_price": 3,
      "is_taker": true,
      "created_time": "2025-07-25T19:49:59.291496Z"
    },
    {
      "trade_id": "43bc4e43-eb54-4ba8-a23c-97382498333d",
      "ticker": "KXBTCD-25JUL2516-T116499.99",
      "order_id": "04183272-7804-4d76-bc7b-7d037d6273a6",
      "side": "yes",
      "action": "buy",
      "count": 20,
      "yes_price": 97,
      "no_price": 3,
      "is_taker": true,
      "created_time": "2025-07-25T19:49:48.771895Z"
    },
    {
      "trade_id": "667b7092-f434-46d0-9e33-93ec3f78fa20",
      "ticker": "KXBTCD-25JUL2516-T116499.99",
      "order_id": "3180d4a5-356c-4250-8d8e-21c4abe363da",
      "side": "yes",
      "action": "buy",
      "count": 20,
      "yes_price": 98,
      "no_price": 2,
      "is_taker": true,
      "created_time": "2025-07-25T19:49:17.86029Z"
    },
    {
      "trade_id": "7d2c4a48-fd90-4241-ac79-32ae21607097",
      "ticker": "KXBTCD-25JUL2514-T116499.99",
      "order_id": "f78a7b11-3887-4f92-8be6-bc9445036092",
      "side": "no",
      "action": "buy",
      "count": 20,
      "yes_price": 5,
      "no_price": 95,
      "is_taker": true,
      "created_time": "2025-07-25T17:47:57.258243Z"
    },
    {
      "trade_id": "f41d4691-1b9a-4676-b00b-040145bcfd7a",
      "ticker": "KXBTCD-25JUL2513-T115749.99",
      "order_id": "8bb737be-a33b-4c34-862d-c93ccf127ccd",
      "side": "yes",
      "action": "buy",
      "count": 20,
      "yes_price": 93,
      "no_price": 7,
      "is_taker": true,
      "created_time": "2025-07-25T16:52:16.718838Z"
    },
    {
      "trade_id": "22023c5e-ea95-40f6-a099-44b4afc5986d",
      "ticker": "KXBTCD-25JUL2513-T116249.99",
      "order_id": "b67bf0f7-8d62-4c4c-9a85-39eb19a3b144",
      "side": "no",
      "action": "buy",
      "count": 20,
      "yes_price": 9,
      "no_price": 91,
      "is_taker": true,
      "created_time": "2025-07-25T16:46:07.092172Z"
    },
    {
      "trade_id": "9c54d7de-bc57-4289-9962-18a58f4c197e",
      "ticker": "KXBTCD-25JUL2512-T115749.99",
      "order_id": "91cbc91a-dfe3-45dd-862b-5220d9e19932",
      "side": "yes",
      "action": "buy",
      "count": 20,
      "yes_price": 62,
      "no_price": 38,
      "is_taker": true,
      "created_time": "2025-07-25T15:55:27.891262Z"
    },
    {
      "trade_id": "d77801f1-1760-4a97-87ee-0e283a82b2e6",
      "ticker": "KXBTCD-25JUL2512-T115749.99",
      "order_id": "a115460c-d9b1-4da9-97da-563728b758ce",
      "side": "no",
      "action": "buy",
      "count": 20,
      "yes_price": 5,
      "no_price": 95,
      "is_taker": true,
      "created_time": "2025-07-25T15:46:09.921177Z"
    },
    {
      "trade_id": "3aed8502-f3fb-4f43-a37c-05caa4502f92",
      "ticker": "KXBTCD-25JUL2510-T116249.99",
      "order_id": "b7d57a0a-cadb-40b1-a42b-f3c05f97f92e",
      "side": "yes",
      "action": "buy",
      "count": 40,
      "yes_price": 45,
      "no_price": 55,
      "is_taker": true,
      "created_time": "2025-07-25T13:58:40.566422Z"
    },
    {
      "trade_id": "a23bba7b-381d-427b-acee-2a91c6f770f3",
      "ticker": "KXBTCD-25JUL2510-T116249.99",
      "order_id": "3741f830-2e1a-4989-b76e-3bc5c42fd805",
      "side": "yes",
      "action": "buy",
      "count": 40,
      "yes_price": 42,
      "no_price": 58,
      "is_taker": true,
      "created_time": "2025-07-25T13:58:39.692592Z"
    },
    {
      "trade_id": "e88d6dca-2a6f-4aff-9f64-bdde5bedf1e6",
      "ticker": "KXBTCD-25JUL2510-T115999.99",
      "order_id": "98904101-30e4-49e4-a674-194e46193c11",
      "side": "yes",
      "action": "buy",
      "count": 20,
      "yes_price": 49,
      "no_price": 51,
      "is_taker": true,
      "created_time": "2025-07-25T13:52:50.842052Z"
    },
    {
      "trade_id": "6ca28006-574a-461e-a6e0-f38b648a416e",
      "ticker": "KXBTCD-25JUL2510-T114999.99",
      "order_id": "f6acb1db-535b-475f-b4f8-09240772a9df",
      "side": "yes",
      "action": "buy",
      "count": 20,
      "yes_price": 97,
      "no_price": 3,
      "is_taker": true,
      "created_time": "2025-07-25T13:46:00.934274Z"
    },
    {
      "trade_id": "eeba08f4-3e34-4806-a951-6a2d4486fd07",
      "ticker": "KXBTCD-25JUL2510-T115999.99",
      "order_id": "5a8c7c8a-771e-47bc-aabd-32069c6643da",
      "side": "no",
      "action": "buy",
      "count": 20,
      "yes_price": 17,
      "no_price": 83,
      "is_taker": true,
      "created_time": "2025-07-25T13:45:58.700745Z"
    },
    {
      "trade_id": "577a7ca5-acc3-4884-97dd-d20d1679fa18",
      "ticker": "KXBTCD-25JUL2510-T115249.99",
      "order_id": "d281b7f1-049e-4274-b1f7-530bcf7379e5",
      "side": "yes",
      "action": "buy",
      "count": 20,
      "yes_price": 91,
      "no_price": 9,
      "is_taker": true,
      "created_time": "2025-07-25T13:45:57.950985Z"
    },
    {
      "trade_id": "94da9b6f-7be4-49bc-acf2-fa97e28eca2f",
      "ticker": "KXBTCD-25JUL2510-T116249.99",
      "order_id": "9c0accb3-0e5f-4391-968b-40475bade090",
      "side": "no",
      "action": "buy",
      "count": 20,
      "yes_price": 6,
      "no_price": 94,
      "is_taker": true,
      "created_time": "2025-07-25T13:45:57.006413Z"
    },
    {
      "trade_id": "f099d28d-6200-43b3-b0df-c008999d71f9",
      "ticker": "KXBTCD-25JUL2510-T116499.99",
      "order_id": "f58d9464-b2ff-4672-af4b-f6ad6ab919b4",
      "side": "no",
      "action": "buy",
      "count": 20,
      "yes_price": 2,
      "no_price": 98,
      "is_taker": true,
      "created_time": "2025-07-25T13:45:55.692806Z"
    },
    {
      "trade_id": "e992ce8f-ceca-4c15-b989-a5f4cf3cfe27",
      "ticker": "KXBTCD-25JUL2510-T114999.99",
      "order_id": "2dd43b00-d2bf-416b-8e28-58dab638fa50",
      "side": "yes",
      "action": "buy",
      "count": 20,
      "yes_price": 97,
      "no_price": 3,
      "is_taker": true,
      "created_time": "2025-07-25T13:45:50.023926Z"
    },
    {
      "trade_id": "95a64b3c-c906-4b0b-85fb-cd05d3d91097",
      "ticker": "KXBTCD-25JUL2510-T115249.99",
      "order_id": "47f1d8e9-454b-4e5c-a3c9-a307494e26d6",
      "side": "yes",
      "action": "buy",
      "count": 20,
      "yes_price": 90,
      "no_price": 10,
      "is_taker": true,
      "created_time": "2025-07-25T13:45:46.606311Z"
    },
    {
      "trade_id": "5c55cfdb-0503-4a93-913a-cdece68e395a",
      "ticker": "KXBTCD-25JUL2510-T116249.99",
      "order_id": "e51b9947-ce71-4c30-883d-928286b50e8d",
      "side": "no",
      "action": "buy",
      "count": 20,
      "yes_price": 7,
      "no_price": 93,
      "is_taker": true,
      "created_time": "2025-07-25T13:45:44.103918Z"
    },
    {
      "trade_id": "0d919e48-7610-48a0-a3d9-b0d157e0aa63",
      "ticker": "KXBTCD-25JUL2510-T116499.99",
      "order_id": "ac95a7e4-26bf-4066-ada9-fde886cfbea0",
      "side": "no",
      "action": "buy",
      "count": 20,
      "yes_price": 2,
      "no_price": 98,
      "is_taker": true,
      "created_time": "2025-07-25T13:45:42.320745Z"
    },
    {
      "trade_id": "a8b155ce-4d05-466f-adb4-88344d53825d",
      "ticker": "KXBTCD-25JUL2509-T115999.99",
      "order_id": "14595280-853e-471a-a8b9-ac30ae6a0c3d",
      "side": "yes",
      "action": "buy",
      "count": 20,
      "yes_price": 95,
      "no_price": 5,
      "is_taker": true,
      "created_time": "2025-07-25T12:49:07.099621Z"
    },
    {
      "trade_id": "21901274-0f6e-4a57-954c-04f3e3008c49",
      "ticker": "KXBTCD-25JUL2509-T116749.99",
      "order_id": "c730b051-b46c-4576-8303-f25e6a736377",
      "side": "no",
      "action": "buy",
      "count": 20,
      "yes_price": 9,
      "no_price": 91,
      "is_taker": true,
      "created_time": "2025-07-25T12:47:50.485107Z"
    },
    {
      "trade_id": "7e1addd1-c905-48f5-9f79-54684ac7332a",
      "ticker": "KXBTCD-25JUL2509-T117249.99",
      "order_id": "3b2d294a-7d8f-440e-acad-fbea657123e2",
      "side": "yes",
      "action": "buy",
      "count": 1,
      "yes_price": 3,
      "no_price": 97,
      "is_taker": true,
      "created_time": "2025-07-25T12:28:47.642607Z"
    },
    {
      "trade_id": "d8c645d7-2730-4700-9ddc-1fc62e34e104",
      "ticker": "KXBTCD-25JUL2509-T116999.99",
      "order_id": "dc4427c4-3557-4297-8ebb-c3f2ae6977da",
      "side": "yes",
      "action": "buy",
      "count": 1,
      "yes_price": 5,
      "no_price": 95,
      "is_taker": true,
      "created_time": "2025-07-25T12:28:46.78101Z"
    },
    {
      "trade_id": "aca2a56b-1e76-4a59-b565-a9a0292fc177",
      "ticker": "KXBTCD-25JUL2509-T116749.99",
      "order_id": "b14f02f5-a438-4633-9051-589bdaa6e54c",
      "side": "yes",
      "action": "buy",
      "count": 1,
      "yes_price": 10,
      "no_price": 90,
      "is_taker": true,
      "created_time": "2025-07-25T12:28:46.087479Z"
    },
    {
      "trade_id": "e95b70cd-cc3c-4fa4-a014-8cc2fe3766a8",
      "ticker": "KXBTCD-25JUL2509-T115749.99",
      "order_id": "0fe8c51d-95c8-4e9c-b2a0-72ecfdd89655",
      "side": "no",
      "action": "buy",
      "count": 1,
      "yes_price": 92,
      "no_price": 8,
      "is_taker": true,
      "created_time": "2025-07-25T12:28:44.592922Z"
    },
    {
      "trade_id": "f23a1b42-9033-437e-9169-b064d0dd4c1a",
      "ticker": "KXBTCD-25JUL2509-T116749.99",
      "order_id": "611d97cc-08fd-4ff0-9f99-3e30d79fc492",
      "side": "no",
      "action": "buy",
      "count": 1,
      "yes_price": 7,
      "no_price": 93,
      "is_taker": true,
      "created_time": "2025-07-25T12:28:06.881102Z"
    },
    {
      "trade_id": "b0feedd1-40c9-4f76-9240-c750229cfd01",
      "ticker": "KXBTCD-25JUL2509-T115749.99",
      "order_id": "0f96ac1f-fbb8-4d69-9d6e-3f915aea829e",
      "side": "yes",
      "action": "buy",
      "count": 1,
      "yes_price": 93,
      "no_price": 7,
      "is_taker": true,
      "created_time": "2025-07-25T12:28:06.584797Z"
    },
    {
      "trade_id": "18d171fc-9dc7-42eb-8886-01e5299a3621",
      "ticker": "KXBTCD-25JUL2509-T116999.99",
      "order_id": "fbb9950c-85dd-4816-8b3d-ae2c8743d56a",
      "side": "no",
      "action": "buy",
      "count": 1,
      "yes_price": 2,
      "no_price": 98,
      "is_taker": true,
      "created_time": "2025-07-25T12:28:06.289186Z"
    },
    {
      "trade_id": "625e6791-9853-4fdc-9db9-823cd705252c",
      "ticker": "KXBTCD-25JUL2509-T117249.99",
      "order_id": "930bc366-e1db-41e0-b28a-e87e9151953b",
      "side": "no",
      "action": "buy",
      "count": 1,
      "yes_price": 2,
      "no_price": 98,
      "is_taker": true,
      "created_time": "2025-07-25T12:28:05.976118Z"
    },
    {
      "trade_id": "6b365167-bffd-4a1d-8192-d89c9d4a73bd",
      "ticker": "KXBTCD-25JUL2509-T117249.99",
      "order_id": "5af2b126-0fbc-4b44-8197-e0196557b5f1",
      "side": "yes",
      "action": "buy",
      "count": 1,
      "yes_price": 6,
      "no_price": 94,
      "is_taker": true,
      "created_time": "2025-07-25T12:12:47.175421Z"
    },
    {
      "trade_id": "a1c54f2a-bae3-4871-a8a6-7b943ace0d50",
      "ticker": "KXBTCD-25JUL2509-T117249.99",
      "order_id": "f8ba07ce-3919-4fbb-a76b-6dfdb465af6e",
      "side": "no",
      "action": "buy",
      "count": 1,
      "yes_price": 3,
      "no_price": 97,
      "is_taker": true,
      "created_time": "2025-07-25T12:11:59.840331Z"
    },
    {
      "trade_id": "84d62297-64cf-43e5-b7c1-82f2bb08094d",
      "ticker": "KXBTCD-25JUL2500-T115499.99",
      "order_id": "e19a8379-c6f0-4b16-9e11-7a572c673f91",
      "side": "no",
      "action": "buy",
      "count": 1,
      "yes_price": 92,
      "no_price": 8,
      "is_taker": true,
      "created_time": "2025-07-25T03:14:25.999034Z"
    },
    {
      "trade_id": "0efea92d-c098-4098-92db-f83ae44ef924",
      "ticker": "KXBTCD-25JUL2500-T115749.99",
      "order_id": "0765b3ec-8824-483b-b24c-0a8551e63ab1",
      "side": "no",
      "action": "buy",
      "count": 2,
      "yes_price": 85,
      "no_price": 15,
      "is_taker": true,
      "created_time": "2025-07-25T03:14:24.550441Z"
    },
    {
      "trade_id": "ae3d2857-4fb8-4dd1-be5d-bf19afb15f99",
      "ticker": "KXBTCD-25JUL2500-T116999.99",
      "order_id": "79b0407a-e0b1-4546-b077-2bb81f34e42e",
      "side": "yes",
      "action": "buy",
      "count": 2,
      "yes_price": 10,
      "no_price": 90,
      "is_taker": true,
      "created_time": "2025-07-25T03:14:22.63054Z"
    },
    {
      "trade_id": "8b521ba7-108f-4696-8bae-3e7b48f7f006",
      "ticker": "KXBTCD-25JUL2500-T115749.99",
      "order_id": "c5ebb0c6-60e3-417b-ab11-b53fb81828bb",
      "side": "yes",
      "action": "buy",
      "count": 1,
      "yes_price": 91,
      "no_price": 9,
      "is_taker": true,
      "created_time": "2025-07-25T03:14:09.63017Z"
    },
    {
      "trade_id": "19639b24-c579-40fc-82ae-c227806e648c",
      "ticker": "KXBTCD-25JUL2500-T116999.99",
      "order_id": "6187cc94-9b45-4545-a5be-fa47e6c1e44c",
      "side": "no",
      "action": "buy",
      "count": 1,
      "yes_price": 3,
      "no_price": 97,
      "is_taker": true,
      "created_time": "2025-07-25T03:14:09.341822Z"
    },
    {
      "trade_id": "7c70a069-533a-405b-a843-4e2090795fca",
      "ticker": "KXBTCD-25JUL2500-T115749.99",
      "order_id": "4f5432b2-93c7-403b-97c2-f7869a6c72f8",
      "side": "yes",
      "action": "buy",
      "count": 1,
      "yes_price": 91,
      "no_price": 9,
      "is_taker": true,
      "created_time": "2025-07-25T03:14:07.898136Z"
    },
    {
      "trade_id": "c8c5693a-0ac6-4f42-854f-dc69c70d41a0",
      "ticker": "KXBTCD-25JUL2500-T116999.99",
      "order_id": "963eb55d-6f69-450d-b379-8c8dbd0334db",
      "side": "no",
      "action": "buy",
      "count": 1,
      "yes_price": 5,
      "no_price": 95,
      "is_taker": true,
      "created_time": "2025-07-25T03:14:07.616514Z"
    },
    {
      "trade_id": "91b35fcb-b37b-4edb-8f26-ae036cf09676",
      "ticker": "KXBTCD-25JUL2500-T115499.99",
      "order_id": "b18b9aaf-1cda-4489-a81d-4c52a05dc71b",
      "side": "yes",
      "action": "buy",
      "count": 1,
      "yes_price": 97,
      "no_price": 3,
      "is_taker": true,
      "created_time": "2025-07-25T03:14:07.332837Z"
    },
    {
      "trade_id": "ab0183d2-e98f-44e7-8ebe-c81239e7812c",
      "ticker": "KXBTCD-25JUL2422-T117499.99",
      "order_id": "d2975da6-b079-49d8-b199-c32f428a8e79",
      "side": "yes",
      "action": "buy",
      "count": 3,
      "yes_price": 7,
      "no_price": 93,
      "is_taker": true,
      "created_time": "2025-07-25T01:52:18.150038Z"
    },
    {
      "trade_id": "17e046f2-d728-4c65-8956-3934cbc00c85",
      "ticker": "KXBTCD-25JUL2422-T117499.99",
      "order_id": "f7bdb891-48e6-492b-8254-82632a9b6308",
      "side": "no",
      "action": "buy",
      "count": 1,
      "yes_price": 10,
      "no_price": 90,
      "is_taker": true,
      "created_time": "2025-07-25T01:51:21.685797Z"
    },
    {
      "trade_id": "5dbd10d6-257a-43b4-884e-79118a921dce",
      "ticker": "KXBTCD-25JUL2422-T117499.99",
      "order_id": "2da02b77-35f2-4ebf-bcee-ea238775ac96",
      "side": "no",
      "action": "buy",
      "count": 1,
      "yes_price": 9,
      "no_price": 91,
      "is_taker": true,
      "created_time": "2025-07-25T01:51:20.338767Z"
    },
    {
      "trade_id": "b7c76c32-05d5-4940-8ca0-08910c845359",
      "ticker": "KXBTCD-25JUL2422-T117499.99",
      "order_id": "941917a0-a0f3-4fe0-b8f6-548f76180efe",
      "side": "no",
      "action": "buy",
      "count": 1,
      "yes_price": 9,
      "no_price": 91,
      "is_taker": true,
      "created_time": "2025-07-25T01:51:18.911877Z"
    },
    {
      "trade_id": "0aeff79f-a668-4e6f-aa99-22fde71db8ab",
      "ticker": "KXBTCD-25JUL2422-T117749.99",
      "order_id": "a904e5e2-29ac-4432-9c7e-5c4b9b8eabee",
      "side": "yes",
      "action": "buy",
      "count": 2,
      "yes_price": 5,
      "no_price": 95,
      "is_taker": true,
      "created_time": "2025-07-25T01:48:19.996193Z"
    },
    {
      "trade_id": "e25aaaa0-de7c-4cc7-b03f-fdaaf1ee387d",
      "ticker": "KXBTCD-25JUL2422-T117749.99",
      "order_id": "ec91ebca-88ee-4d30-9e55-2ad8be9892c8",
      "side": "no",
      "action": "buy",
      "count": 1,
      "yes_price": 1,
      "no_price": 99,
      "is_taker": true,
      "created_time": "2025-07-25T01:47:04.761847Z"
    },
    {
      "trade_id": "627b4505-3113-479d-b08d-21401a660672",
      "ticker": "KXBTCD-25JUL2422-T117749.99",
      "order_id": "1136ec56-9111-4c2b-b408-d46e16eef9f6",
      "side": "no",
      "action": "buy",
      "count": 1,
      "yes_price": 2,
      "no_price": 98,
      "is_taker": true,
      "created_time": "2025-07-25T01:47:03.387781Z"
    },
    {
      "trade_id": "920cf799-151e-48fd-9b9c-fc84f82bfcd6",
      "ticker": "KXBTCD-25JUL2422-T117249.99",
      "order_id": "4dfb1152-97eb-4241-8f04-3a204d47ed64",
      "side": "no",
      "action": "buy",
      "count": 1,
      "yes_price": 81,
      "no_price": 19,
      "is_taker": true,
      "created_time": "2025-07-25T01:44:47.059252Z"
    },
    {
      "trade_id": "33c0c1a9-acfd-4720-99de-41d54dbcafab",
      "ticker": "KXBTCD-25JUL2422-T117249.99",
      "order_id": "1db08c01-d126-4c8b-8bf6-e6ae1944858b",
      "side": "no",
      "action": "buy",
      "count": 1,
      "yes_price": 88,
      "no_price": 12,
      "is_taker": true,
      "created_time": "2025-07-25T01:41:20.546616Z"
    },
    {
      "trade_id": "ce1059f1-1ac9-4ffd-876c-924422278c8f",
      "ticker": "KXBTCD-25JUL2422-T117249.99",
      "order_id": "4e1ee822-4249-4b2d-9028-fb549159d5f0",
      "side": "yes",
      "action": "buy",
      "count": 1,
      "yes_price": 91,
      "no_price": 9,
      "is_taker": true,
      "created_time": "2025-07-25T01:41:09.902877Z"
    },
    {
      "trade_id": "36e5e28f-a8b3-493a-b26f-5523a8ae3b0c",
      "ticker": "KXBTCD-25JUL2422-T117249.99",
      "order_id": "fd4180ed-7617-4b9f-a816-ea2d452a7030",
      "side": "yes",
      "action": "buy",
      "count": 1,
      "yes_price": 90,
      "no_price": 10,
      "is_taker": true,
      "created_time": "2025-07-25T01:41:08.469266Z"
    },
    {
      "trade_id": "c8c7b2a4-770c-4117-91d6-6e250ac03717",
      "ticker": "KXBTCD-25JUL2422-T116999.99",
      "order_id": "713beb79-96d3-4d19-ba00-d6ffe2ee335e",
      "side": "no",
      "action": "buy",
      "count": 1,
      "yes_price": 97,
      "no_price": 3,
      "is_taker": true,
      "created_time": "2025-07-25T01:39:24.478737Z"
    },
    {
      "trade_id": "54062556-a4a0-4b0d-bfe3-5ea25cb42176",
      "ticker": "KXBTCD-25JUL2422-T117999.99",
      "order_id": "af336298-4379-433d-a574-535c54f529cd",
      "side": "yes",
      "action": "buy",
      "count": 5,
      "yes_price": 9,
      "no_price": 91,
      "is_taker": true,
      "created_time": "2025-07-25T01:38:13.965377Z"
    },
    {
      "trade_id": "5a0dc389-d3a2-4374-8d6d-947df24ada71",
      "ticker": "KXBTCD-25JUL2422-T117999.99",
      "order_id": "8a51c1a5-df14-4c18-855e-1fdcb960da45",
      "side": "no",
      "action": "buy",
      "count": 1,
      "yes_price": 3,
      "no_price": 97,
      "is_taker": true,
      "created_time": "2025-07-25T01:37:58.339873Z"
    },
    {
      "trade_id": "d850ace1-01a1-4dae-8b61-633587ccf1de",
      "ticker": "KXBTCD-25JUL2422-T117999.99",
      "order_id": "5b3390b2-07a3-434a-8d48-f136db7fbaba",
      "side": "no",
      "action": "buy",
      "count": 1,
      "yes_price": 3,
      "no_price": 97,
      "is_taker": true,
      "created_time": "2025-07-25T01:37:56.758632Z"
    },
    {
      "trade_id": "0950db80-a2f1-4c31-9fa5-5f1848456f74",
      "ticker": "KXBTCD-25JUL2422-T117999.99",
      "order_id": "a4806db8-fc35-420e-bcae-9326222d1120",
      "side": "no",
      "action": "buy",
      "count": 1,
      "yes_price": 3,
      "no_price": 97,
      "is_taker": true,
      "created_time": "2025-07-25T01:37:55.455131Z"
    },
    {
      "trade_id": "d28ac613-2099-448c-b80e-fc20ef86c2dd",
      "ticker": "KXBTCD-25JUL2422-T117999.99",
      "order_id": "e1ce0c63-ec23-4041-96c1-707e89fc6111",
      "side": "no",
      "action": "buy",
      "count": 1,
      "yes_price": 3,
      "no_price": 97,
      "is_taker": true,
      "created_time": "2025-07-25T01:37:54.134131Z"
    },
    {
      "trade_id": "45af95ee-6b0e-43a8-abac-34e8e61e0771",
      "ticker": "KXBTCD-25JUL2422-T117999.99",
      "order_id": "23cf7880-7d8f-4bcf-99d5-04f46fa22bc9",
      "side": "no",
      "action": "buy",
      "count": 1,
      "yes_price": 3,
      "no_price": 97,
      "is_taker": true,
      "created_time": "2025-07-25T01:37:52.787566Z"
    },
    {
      "trade_id": "b2d4f4b0-4e2b-4afe-9603-0a708ceb826e",
      "ticker": "KXBTCD-25JUL2422-T116999.99",
      "order_id": "c8972adc-6e93-44f9-a768-8768c9ac777d",
      "side": "yes",
      "action": "buy",
      "count": 1,
      "yes_price": 96,
      "no_price": 4,
      "is_taker": true,
      "created_time": "2025-07-25T01:31:38.782614Z"
    },
    {
      "trade_id": "50b1ffef-899f-4f8c-bcb1-a52bb613de86",
      "ticker": "KXBTCD-25JUL2422-T117999.99",
      "order_id": "7d617421-6f73-4f10-b072-2a6e927b32fc",
      "side": "yes",
      "action": "buy",
      "count": 1,
      "yes_price": 5,
      "no_price": 95,
      "is_taker": true,
      "created_time": "2025-07-25T01:25:01.925047Z"
    },
    {
      "trade_id": "bb786028-43f7-40df-a577-a2d2fb336f61",
      "ticker": "KXBTCD-25JUL2422-T117999.99",
      "order_id": "3a030444-4093-4c60-9a6b-a692a6c6c318",
      "side": "no",
      "action": "buy",
      "count": 1,
      "yes_price": 3,
      "no_price": 97,
      "is_taker": true,
      "created_time": "2025-07-25T01:24:38.482238Z"
    },
    {
      "trade_id": "8b99af0c-284e-4bbd-8884-43714892b6b3",
      "ticker": "KXBTCD-25JUL2422-T116999.99",
      "order_id": "e96e100d-a7ef-4d8c-aec7-1f572fc604cf",
      "side": "no",
      "action": "buy",
      "count": 1,
      "yes_price": 89,
      "no_price": 11,
      "is_taker": true,
      "created_time": "2025-07-25T01:24:37.508936Z"
    },
    {
      "trade_id": "b3bf96f7-ae17-4d19-900f-ad0713280df0",
      "ticker": "KXBTCD-25JUL2422-T117999.99",
      "order_id": "c724ea5d-ba56-4f3f-baca-a0585cd0d773",
      "side": "yes",
      "action": "buy",
      "count": 1,
      "yes_price": 5,
      "no_price": 95,
      "is_taker": true,
      "created_time": "2025-07-25T01:24:36.142601Z"
    },
    {
      "trade_id": "e9e3676d-e635-43a2-b11e-22a709e79318",
      "ticker": "KXBTCD-25JUL2422-T116999.99",
      "order_id": "eb91e8ae-4098-4f34-9faa-dd424e49cbcd",
      "side": "yes",
      "action": "buy",
      "count": 1,
      "yes_price": 97,
      "no_price": 3,
      "is_taker": true,
      "created_time": "2025-07-25T01:20:19.51977Z"
    },
    {
      "trade_id": "3e282f1e-c639-4ba2-a798-6cc65c2a72bf",
      "ticker": "KXBTCD-25JUL2422-T117999.99",
      "order_id": "d2afdb58-c7b3-4bb4-b630-5c57e322879d",
      "side": "no",
      "action": "buy",
      "count": 1,
      "yes_price": 6,
      "no_price": 94,
      "is_taker": true,
      "created_time": "2025-07-25T01:20:19.215773Z"
    },
    {
      "trade_id": "8b6d91e4-975a-4c5c-9eb4-c0a194075e87",
      "ticker": "KXBTCD-25JUL2422-T116999.99",
      "order_id": "c8b70373-375b-43e3-a350-e36da0fa315d",
      "side": "no",
      "action": "buy",
      "count": 1,
      "yes_price": 93,
      "no_price": 7,
      "is_taker": true,
      "created_time": "2025-07-25T01:20:01.773269Z"
    },
    {
      "trade_id": "be0bf32d-fb12-4cfd-a7c7-4aaace7c6eaf",
      "ticker": "KXBTCD-25JUL2422-T117999.99",
      "order_id": "af2cf3e5-b02f-4376-826e-175918adb7e1",
      "side": "yes",
      "action": "buy",
      "count": 1,
      "yes_price": 9,
      "no_price": 91,
      "is_taker": true,
      "created_time": "2025-07-25T01:20:00.672678Z"
    },
    {
      "trade_id": "ddc84f47-c2b2-4670-a4e8-9d9306499e6c",
      "ticker": "KXBTCD-25JUL2422-T116999.99",
      "order_id": "ddc7bc2d-bcd8-400f-bcfb-e1eb1424da78",
      "side": "yes",
      "action": "buy",
      "count": 1,
      "yes_price": 98,
      "no_price": 2,
      "is_taker": true,
      "created_time": "2025-07-25T01:19:05.915969Z"
    },
    {
      "trade_id": "794a8eb0-bbe1-45a3-8edb-1ea50706a9c6",
      "ticker": "KXBTCD-25JUL2422-T117999.99",
      "order_id": "e488d3d7-331f-466b-b1ac-26906b4fb7db",
      "side": "no",
      "action": "buy",
      "count": 1,
      "yes_price": 9,
      "no_price": 91,
      "is_taker": true,
      "created_time": "2025-07-25T01:16:24.263729Z"
    },
    {
      "trade_id": "ef9a0612-3fa4-49f5-8b67-2e421e6bc964",
      "ticker": "KXBTCD-25JUL2422-T117249.99",
      "order_id": "45a88e31-2eae-4988-8aae-c831718d3ae7",
      "side": "no",
      "action": "buy",
      "count": 1,
      "yes_price": 84,
      "no_price": 16,
      "is_taker": true,
      "created_time": "2025-07-25T01:15:46.532107Z"
    },
    {
      "trade_id": "7adab735-7f8b-41c5-a3ea-fad26ec2992a",
      "ticker": "KXBTCD-25JUL2422-T117249.99",
      "order_id": "1d851859-47cb-4426-a4fa-e7b20fa46071",
      "side": "yes",
      "action": "buy",
      "count": 1,
      "yes_price": 90,
      "no_price": 10,
      "is_taker": true,
      "created_time": "2025-07-25T01:15:38.401099Z"
    },
    {
      "trade_id": "1df0d8bd-c1fa-4d47-a225-ce4d70239bb8",
      "ticker": "KXBTCD-25JUL2421-T117749.99",
      "order_id": "e1672bcc-a491-4aee-94e9-834fc31ccff7",
      "side": "no",
      "action": "buy",
      "count": 1,
      "yes_price": 82,
      "no_price": 18,
      "is_taker": true,
      "created_time": "2025-07-25T00:29:56.317189Z"
    },
    {
      "trade_id": "c157acff-b567-4d97-a790-0b34dc640de9",
      "ticker": "KXBTCD-25JUL2421-T118499.99",
      "order_id": "5a056d51-277d-4d5e-b57c-29116796b8fe",
      "side": "yes",
      "action": "buy",
      "count": 1,
      "yes_price": 7,
      "no_price": 93,
      "is_taker": true,
      "created_time": "2025-07-25T00:29:49.049702Z"
    },
    {
      "trade_id": "68d8797a-2986-4af3-bd56-03d7e96f4a26",
      "ticker": "KXBTCD-25JUL2421-T117749.99",
      "order_id": "b6073522-73f2-4f47-ba06-24eccfd8ee6c",
      "side": "yes",
      "action": "buy",
      "count": 1,
      "yes_price": 90,
      "no_price": 10,
      "is_taker": true,
      "created_time": "2025-07-25T00:27:19.847975Z"
    },
    {
      "trade_id": "4316b3fb-333f-44dc-9344-e079d61f9676",
      "ticker": "KXBTCD-25JUL2421-T118499.99",
      "order_id": "855b0daf-0232-4940-aef6-078587584135",
      "side": "no",
      "action": "buy",
      "count": 1,
      "yes_price": 6,
      "no_price": 94,
      "is_taker": true,
      "created_time": "2025-07-25T00:27:18.448646Z"
    },
    {
      "trade_id": "15236fde-8960-49ed-864b-172fb4385082",
      "ticker": "KXBTCD-25JUL2421-T118499.99",
      "order_id": "375c7836-6eb9-4286-9912-e5a80cabad2f",
      "side": "no",
      "action": "buy",
      "count": 1,
      "yes_price": 6,
      "no_price": 94,
      "is_taker": true,
      "created_time": "2025-07-25T00:27:17.112409Z"
    },
    {
      "trade_id": "7d9d00b7-a517-429f-9726-54ae72a92583",
      "ticker": "KXBTCD-25JUL2421-T118499.99",
      "order_id": "7bc887e8-593f-4f5e-8e51-3dcb1bd182fb",
      "side": "yes",
      "action": "buy",
      "count": 1,
      "yes_price": 8,
      "no_price": 92,
      "is_taker": true,
      "created_time": "2025-07-25T00:26:57.921819Z"
    },
    {
      "trade_id": "e4c0133b-8baf-48a9-b2f9-8d535c772f96",
      "ticker": "KXBTCD-25JUL2421-T118499.99",
      "order_id": "bed9891d-1030-4b3e-86a5-6b69d60c60e4",
      "side": "yes",
      "action": "buy",
      "count": 1,
      "yes_price": 7,
      "no_price": 93,
      "is_taker": true,
      "created_time": "2025-07-25T00:26:56.922089Z"
    },
    {
      "trade_id": "eecbacd0-43f4-44c4-a728-2ad067580d6f",
      "ticker": "KXBTCD-25JUL2421-T118499.99",
      "order_id": "25f64c18-66e6-4ae1-a3af-87a322286ad0",
      "side": "no",
      "action": "buy",
      "count": 1,
      "yes_price": 4,
      "no_price": 96,
      "is_taker": true,
      "created_time": "2025-07-25T00:26:18.614949Z"
    },
    {
      "trade_id": "9d9e7ab0-f6ea-4499-a4ea-c4f63d05a9f8",
      "ticker": "KXBTCD-25JUL2421-T118499.99",
      "order_id": "6af55e59-53c3-4ba4-8da1-a6fe8886fdf2",
      "side": "no",
      "action": "buy",
      "count": 1,
      "yes_price": 4,
      "no_price": 96,
      "is_taker": true,
      "created_time": "2025-07-25T00:26:17.217339Z"
    },
    {
      "trade_id": "784f9ed2-fd9d-41f2-8ebe-b4f85a7a3248",
      "ticker": "KXBTCD-25JUL2419-T118999.99",
      "order_id": "bf72a736-7886-4d2e-9eb0-c283f9374f8b",
      "side": "yes",
      "action": "buy",
      "count": 1,
      "yes_price": 5,
      "no_price": 95,
      "is_taker": true,
      "created_time": "2025-07-24T22:30:51.141407Z"
    },
    {
      "trade_id": "6024e3a4-33dd-428d-81dc-e5f9122e99c3",
      "ticker": "KXBTCD-25JUL2419-T118999.99",
      "order_id": "35610fa4-7455-418b-855a-e55ed25bf36d",
      "side": "no",
      "action": "buy",
      "count": 1,
      "yes_price": 5,
      "no_price": 95,
      "is_taker": true,
      "created_time": "2025-07-24T22:12:01.749215Z"
    },
    {
      "trade_id": "7ee5657b-3851-4ace-aacc-ae096c9f01dc",
      "ticker": "KXBTCD-25JUL2417-T118749.99",
      "order_id": "e3e46dd9-d342-4bc9-ac40-267333d7d910",
      "side": "no",
      "action": "buy",
      "count": 1,
      "yes_price": 90,
      "no_price": 10,
      "is_taker": true,
      "created_time": "2025-07-24T20:56:42.008579Z"
    },
    {
      "trade_id": "12e87202-4461-4304-a176-dce3ae2743c1",
      "ticker": "KXBTCD-25JUL2417-T118749.99",
      "order_id": "b59cc07c-a63f-482e-838d-bf2ec993f895",
      "side": "yes",
      "action": "buy",
      "count": 1,
      "yes_price": 93,
      "no_price": 7,
      "is_taker": true,
      "created_time": "2025-07-24T20:55:52.855033Z"
    },
    {
      "trade_id": "4ddd4998-9f23-41c5-824a-e8268654fc96",
      "ticker": "KXBTCD-25JUL2417-T119249.99",
      "order_id": "09365c87-2552-4d40-9b4f-48bb70bb0af6",
      "side": "yes",
      "action": "buy",
      "count": 1,
      "yes_price": 6,
      "no_price": 94,
      "is_taker": true,
      "created_time": "2025-07-24T20:34:48.998257Z"
    },
    {
      "trade_id": "9e5aa16b-f2c4-44e7-a575-34945a953089",
      "ticker": "KXBTCD-25JUL2417-T119249.99",
      "order_id": "6fc1bdc6-031b-4376-8be5-a1b4ef880999",
      "side": "no",
      "action": "buy",
      "count": 1,
      "yes_price": 5,
      "no_price": 95,
      "is_taker": true,
      "created_time": "2025-07-24T20:34:39.058424Z"
    },
    {
      "trade_id": "3bfb1844-3c8d-47a3-a455-4d8f1bc6acc8",
      "ticker": "KXBTCD-25JUL2417-T119249.99",
      "order_id": "628d8534-7a75-4f22-8b49-35309202099c",
      "side": "yes",
      "action": "buy",
      "count": 1,
      "yes_price": 6,
      "no_price": 94,
      "is_taker": true,
      "created_time": "2025-07-24T20:33:20.213453Z"
    },
    {
      "trade_id": "cc092574-e5db-4993-866a-0c17dd4425f1",
      "ticker": "KXBTCD-25JUL2417-T119249.99",
      "order_id": "2774adfa-110c-45eb-8e4f-6e0b2ae826a5",
      "side": "no",
      "action": "buy",
      "count": 1,
      "yes_price": 4,
      "no_price": 96,
      "is_taker": true,
      "created_time": "2025-07-24T20:33:02.34506Z"
    },
    {
      "trade_id": "1adb0207-641b-45d9-a33a-6d7a5b27fac5",
      "ticker": "KXBTCD-25JUL2417-T118249.99",
      "order_id": "3ad20362-21ae-439f-8606-da99e21fa8f3",
      "side": "no",
      "action": "buy",
      "count": 1,
      "yes_price": 98,
      "no_price": 2,
      "is_taker": true,
      "created_time": "2025-07-24T20:33:01.681864Z"
    },
    {
      "trade_id": "49205ad4-ea3c-4d2d-a4c7-f9d7557a1336",
      "ticker": "KXBTCD-25JUL2417-T119249.99",
      "order_id": "ff349ff4-8825-4cca-bffe-6c661c8b08bb",
      "side": "yes",
      "action": "buy",
      "count": 1,
      "yes_price": 6,
      "no_price": 94,
      "is_taker": true,
      "created_time": "2025-07-24T20:33:00.822002Z"
    },
    {
      "trade_id": "0b422ce2-a803-455f-a2dd-347aa8d80e11",
      "ticker": "KXBTCD-25JUL2417-T119249.99",
      "order_id": "1c3c69e1-f916-4534-a936-6fe4bff06789",
      "side": "no",
      "action": "buy",
      "count": 1,
      "yes_price": 4,
      "no_price": 96,
      "is_taker": true,
      "created_time": "2025-07-24T20:32:32.680679Z"
    },
    {
      "trade_id": "438d2484-1aa0-4a57-863c-d71a805eab99",
      "ticker": "KXBTCD-25JUL2417-T118249.99",
      "order_id": "a3ce2fc5-d6b4-45d1-8314-dca3120c1167",
      "side": "yes",
      "action": "buy",
      "count": 1,
      "yes_price": 98,
      "no_price": 2,
      "is_taker": true,
      "created_time": "2025-07-24T20:32:32.13998Z"
    },
    {
      "trade_id": "ebb554f9-4af7-48ab-af4f-d19f6da16b7f",
      "ticker": "KXBTCD-25JUL2417-T119249.99",
      "order_id": "81680cce-acb1-4a0a-b590-b970281af5cf",
      "side": "yes",
      "action": "buy",
      "count": 2,
      "yes_price": 5,
      "no_price": 95,
      "is_taker": true,
      "created_time": "2025-07-24T20:31:25.668701Z"
    },
    {
      "trade_id": "6fef3654-1743-4386-ba3e-8b450ed893ba",
      "ticker": "KXBTCD-25JUL2417-T119249.99",
      "order_id": "54ef207c-5147-4eda-9b3b-000fbf7166ba",
      "side": "no",
      "action": "buy",
      "count": 2,
      "yes_price": 4,
      "no_price": 96,
      "is_taker": true,
      "created_time": "2025-07-24T20:30:52.537923Z"
    },
    {
      "trade_id": "c802d796-cf65-40f7-ad69-069248d4cc42",
      "ticker": "KXBTCD-25JUL2417-T119249.99",
      "order_id": "bb9154f2-d590-4516-a4fc-d4e23b0f24b0",
      "side": "yes",
      "action": "buy",
      "count": 2,
      "yes_price": 8,
      "no_price": 92,
      "is_taker": true,
      "created_time": "2025-07-24T20:24:43.896232Z"
    },
    {
      "trade_id": "bd4e9769-388a-49d8-ad46-eb688a3b01b8",
      "ticker": "KXBTCD-25JUL2417-T119249.99",
      "order_id": "c1407f8a-d4e8-4b10-bbbd-665b41dceb2c",
      "side": "no",
      "action": "buy",
      "count": 2,
      "yes_price": 7,
      "no_price": 93,
      "is_taker": true,
      "created_time": "2025-07-24T20:24:19.146563Z"
    },
    {
      "trade_id": "3af305d7-9625-4bf7-b5f9-7e6afbd64ffa",
      "ticker": "KXBTCD-25JUL2417-T118249.99",
      "order_id": "a59a61a9-dcf0-443f-899a-db37f4ebd68f",
      "side": "no",
      "action": "buy",
      "count": 1,
      "yes_price": 96,
      "no_price": 4,
      "is_taker": true,
      "created_time": "2025-07-24T20:18:24.468165Z"
    },
    {
      "trade_id": "1fffc32a-a8b9-41d1-93ac-510f9573d0a4",
      "ticker": "KXBTCD-25JUL2417-T118249.99",
      "order_id": "58b5ae7e-590d-4793-9cc8-b5f8f1feb257",
      "side": "yes",
      "action": "buy",
      "count": 1,
      "yes_price": 97,
      "no_price": 3,
      "is_taker": true,
      "created_time": "2025-07-24T20:18:09.131779Z"
    },
    {
      "trade_id": "d43dd4f9-1a1d-4611-9e79-4ebdecd45cee",
      "ticker": "KXBTCD-25JUL2417-T118249.99",
      "order_id": "fd1538c1-db8e-464e-b7da-6eff9fa2cd12",
      "side": "no",
      "action": "buy",
      "count": 1,
      "yes_price": 96,
      "no_price": 4,
      "is_taker": true,
      "created_time": "2025-07-24T20:16:47.1831Z"
    },
    {
      "trade_id": "cdb0bef6-cfe2-4aee-ba44-a7f21f9b31a7",
      "ticker": "KXBTCD-25JUL2417-T118249.99",
      "order_id": "b994b4f8-bf11-4807-a7da-ca4d9f92d012",
      "side": "yes",
      "action": "buy",
      "count": 1,
      "yes_price": 97,
      "no_price": 3,
      "is_taker": true,
      "created_time": "2025-07-24T20:14:26.439766Z"
    },
    {
      "trade_id": "e6490d11-c7b6-4876-baf0-46de4e035d0d",
      "ticker": "KXBTCD-25JUL2417-T118249.99",
      "order_id": "8544467a-d665-404d-be49-a7e22f1078d0",
      "side": "no",
      "action": "buy",
      "count": 2,
      "yes_price": 96,
      "no_price": 4,
      "is_taker": true,
      "created_time": "2025-07-24T20:14:12.310859Z"
    },
    {
      "trade_id": "2b68d788-bfbe-4305-8505-2d0f8676b5fc",
      "ticker": "KXBTCD-25JUL2417-T118249.99",
      "order_id": "d4308a62-5715-4103-96f4-912fb8fd5291",
      "side": "yes",
      "action": "buy",
      "count": 2,
      "yes_price": 97,
      "no_price": 3,
      "is_taker": true,
      "created_time": "2025-07-24T20:13:53.302105Z"
    },
    {
      "trade_id": "1ff49f82-b72e-4484-804a-20566a2adc47",
      "ticker": "KXBTCD-25JUL2416-T118999.99",
      "order_id": "9d5c70a7-216a-457c-81a5-c049e7894219",
      "side": "no",
      "action": "buy",
      "count": 1,
      "yes_price": 90,
      "no_price": 10,
      "is_taker": true,
      "created_time": "2025-07-24T19:55:25.057717Z"
    },
    {
      "trade_id": "93bdde3e-0730-40b2-94ce-eaff5830d370",
      "ticker": "KXBTCD-25JUL2416-T118999.99",
      "order_id": "82a7c29d-ab88-45e2-bc1a-0ef999414837",
      "side": "yes",
      "action": "buy",
      "count": 1,
      "yes_price": 95,
      "no_price": 5,
      "is_taker": true,
      "created_time": "2025-07-24T19:55:00.606179Z"
    },
    {
      "trade_id": "73411a68-7d2c-44d4-b652-2fca2fec1526",
      "ticker": "KXBTCD-25JUL2416-T119499.99",
      "order_id": "fa8593ce-4f98-4d21-89b2-0857cd96878e",
      "side": "yes",
      "action": "buy",
      "count": 1,
      "yes_price": 6,
      "no_price": 94,
      "is_taker": true,
      "created_time": "2025-07-24T19:50:26.648548Z"
    },
    {
      "trade_id": "40775225-abae-476f-bea8-f644679912b8",
      "ticker": "KXBTCD-25JUL2416-T119249.99",
      "order_id": "fe266c74-883a-4d3e-aa76-27db5cdba6db",
      "side": "yes",
      "action": "buy",
      "count": 1,
      "yes_price": 27,
      "no_price": 73,
      "is_taker": true,
      "created_time": "2025-07-24T19:50:25.562092Z"
    },
    {
      "trade_id": "8d317373-fcda-4cf1-b12f-f1ca8fba66ea",
      "ticker": "KXBTCD-25JUL2416-T118749.99",
      "order_id": "ea4f56bd-07db-4206-b394-cd54f0137ef3",
      "side": "no",
      "action": "buy",
      "count": 1,
      "yes_price": 97,
      "no_price": 3,
      "is_taker": true,
      "created_time": "2025-07-24T19:50:20.139346Z"
    },
    {
      "trade_id": "22569fdc-a682-4e81-8b64-a14461d60726",
      "ticker": "KXBTCD-25JUL2416-T119249.99",
      "order_id": "6c3a97b9-8128-42cb-ac7a-ba6e1bec05a2",
      "side": "no",
      "action": "buy",
      "count": 1,
      "yes_price": 15,
      "no_price": 85,
      "is_taker": true,
      "created_time": "2025-07-24T19:49:59.129528Z"
    },
    {
      "trade_id": "7d004638-4f5d-4243-b3a0-b9f9c24213e1",
      "ticker": "KXBTCD-25JUL2416-T118749.99",
      "order_id": "5e70adfc-8011-4842-8bbe-b07c020e9739",
      "side": "yes",
      "action": "buy",
      "count": 1,
      "yes_price": 98,
      "no_price": 2,
      "is_taker": true,
      "created_time": "2025-07-24T19:49:37.97384Z"
    },
    {
      "trade_id": "afaa4977-eaf8-48c1-bd24-6c2ad720acc4",
      "ticker": "KXBTCD-25JUL2416-T119499.99",
      "order_id": "62ad3b33-34ff-47ab-ac5c-788e1fcd0149",
      "side": "no",
      "action": "buy",
      "count": 1,
      "yes_price": 2,
      "no_price": 98,
      "is_taker": true,
      "created_time": "2025-07-24T19:49:28.426993Z"
    },
    {
      "trade_id": "5928482e-31cd-4d64-b6ab-780b9cccdc98",
      "ticker": "KXBTCD-25JUL2416-T118749.99",
      "order_id": "1e1cbad1-577a-47cc-afdf-d536035fd5c2",
      "side": "no",
      "action": "buy",
      "count": 1,
      "yes_price": 94,
      "no_price": 6,
      "is_taker": true,
      "created_time": "2025-07-24T19:44:25.967651Z"
    },
    {
      "trade_id": "d17fc6ef-1e29-43ce-9e2c-3af82dadcd0b",
      "ticker": "KXBTCD-25JUL2416-T119499.99",
      "order_id": "afb278b2-b9db-4595-9c83-f77954e4ac33",
      "side": "yes",
      "action": "buy",
      "count": 1,
      "yes_price": 5,
      "no_price": 95,
      "is_taker": true,
      "created_time": "2025-07-24T19:44:24.911235Z"
    },
    {
      "trade_id": "89e49dbc-2571-4191-a2a8-6213403ac0d3",
      "ticker": "KXBTCD-25JUL2416-T118749.99",
      "order_id": "aa7c5484-e1d3-45e4-81a2-dca61942e851",
      "side": "yes",
      "action": "buy",
      "count": 1,
      "yes_price": 95,
      "no_price": 5,
      "is_taker": true,
      "created_time": "2025-07-24T19:44:14.110037Z"
    },
    {
      "trade_id": "122a1661-f408-4b04-be19-cc4ceb84fc0b",
      "ticker": "KXBTCD-25JUL2416-T119499.99",
      "order_id": "fe14ee02-8c3b-497d-a70c-1dbd81748c44",
      "side": "no",
      "action": "buy",
      "count": 1,
      "yes_price": 2,
      "no_price": 98,
      "is_taker": true,
      "created_time": "2025-07-24T19:44:13.876736Z"
    },
    {
      "trade_id": "43ee4bfc-a43c-4162-9bca-05cc1c2ae7ea",
      "ticker": "KXBTCD-25JUL2416-T119749.99",
      "order_id": "e3dc7910-2575-450d-9c21-70acf2de592b",
      "side": "yes",
      "action": "buy",
      "count": 1,
      "yes_price": 5,
      "no_price": 95,
      "is_taker": true,
      "created_time": "2025-07-24T19:30:37.166834Z"
    },
    {
      "trade_id": "5f803ba1-40db-4c2e-8a08-c1b907f1c18b",
      "ticker": "KXBTCD-25JUL2416-T119749.99",
      "order_id": "af9d3c51-6d6d-4ac8-8d76-82d4080aaae8",
      "side": "no",
      "action": "buy",
      "count": 1,
      "yes_price": 5,
      "no_price": 95,
      "is_taker": true,
      "created_time": "2025-07-24T19:30:24.916535Z"
    },
    {
      "trade_id": "6d0cd23f-d9d9-45a5-aec2-f22fefa056be",
      "ticker": "KXBTCD-25JUL2416-T118749.99",
      "order_id": "ceb3d880-584a-4f4f-a68e-f6efc5c00e34",
      "side": "no",
      "action": "buy",
      "count": 1,
      "yes_price": 90,
      "no_price": 10,
      "is_taker": true,
      "created_time": "2025-07-24T19:27:54.919654Z"
    },
    {
      "trade_id": "9bd3d9e3-7eb1-44e5-ae06-46045fca2b4f",
      "ticker": "KXBTCD-25JUL2416-T118749.99",
      "order_id": "4cca7b88-e47d-4d45-a8fa-f0f82ae92713",
      "side": "yes",
      "action": "buy",
      "count": 1,
      "yes_price": 95,
      "no_price": 5,
      "is_taker": true,
      "created_time": "2025-07-24T19:25:32.280835Z"
    },
    {
      "trade_id": "e7be029a-4dd0-4593-bc02-6b8b393d0b26",
      "ticker": "KXBTCD-25JUL2416-T119999.99",
      "order_id": "e0a0c947-f239-4b59-bc82-2033eaefd8cd",
      "side": "yes",
      "action": "buy",
      "count": 1,
      "yes_price": 4,
      "no_price": 96,
      "is_taker": true,
      "created_time": "2025-07-24T19:25:16.628007Z"
    },
    {
      "trade_id": "62945315-f8ca-4cfc-89a0-bcaf8e449d81",
      "ticker": "KXBTCD-25JUL2416-T118749.99",
      "order_id": "b4c32a5f-6aa6-481b-9a88-14a30d2a0f2c",
      "side": "no",
      "action": "buy",
      "count": 1,
      "yes_price": 95,
      "no_price": 5,
      "is_taker": true,
      "created_time": "2025-07-24T19:25:06.3168Z"
    },
    {
      "trade_id": "0de50973-d622-4d88-8e85-4025451dae6b",
      "ticker": "KXBTCD-25JUL2416-T118999.99",
      "order_id": "ea4437b2-d2f5-4410-96fc-ff1719577f5b",
      "side": "no",
      "action": "buy",
      "count": 1,
      "yes_price": 83,
      "no_price": 17,
      "is_taker": true,
      "created_time": "2025-07-24T19:25:05.823485Z"
    },
    {
      "trade_id": "fe220689-73b0-4610-a7e1-0d68deac6049",
      "ticker": "KXBTCD-25JUL2416-T119999.99",
      "order_id": "a971a08a-62ec-433b-86c4-0d78eb8b9c05",
      "side": "no",
      "action": "buy",
      "count": 1,
      "yes_price": 2,
      "no_price": 98,
      "is_taker": true,
      "created_time": "2025-07-24T19:25:05.463435Z"
    },
    {
      "trade_id": "97c61ca2-e787-42e2-bd7f-406e6085ed82",
      "ticker": "KXBTCD-25JUL2416-T119749.99",
      "order_id": "235e8a9f-6339-4cea-b86c-7cfc3adeb754",
      "side": "yes",
      "action": "buy",
      "count": 1,
      "yes_price": 10,
      "no_price": 90,
      "is_taker": true,
      "created_time": "2025-07-24T19:25:05.127952Z"
    },
    {
      "trade_id": "a487f008-d638-40d2-9067-a8cbe9b35f11",
      "ticker": "KXBTCD-25JUL2416-T119999.99",
      "order_id": "e47f5d1f-d416-4e20-a05a-497abcc40fe4",
      "side": "yes",
      "action": "buy",
      "count": 1,
      "yes_price": 4,
      "no_price": 96,
      "is_taker": true,
      "created_time": "2025-07-24T19:25:04.36526Z"
    },
    {
      "trade_id": "8f3c8a15-59ec-435e-8f0e-ea6fde952b68",
      "ticker": "KXBTCD-25JUL2416-T118999.99",
      "order_id": "0c55c33c-79c1-40d8-90b8-0838c50de7c8",
      "side": "yes",
      "action": "buy",
      "count": 1,
      "yes_price": 89,
      "no_price": 11,
      "is_taker": true,
      "created_time": "2025-07-24T19:24:35.164497Z"
    },
    {
      "trade_id": "789f918f-9309-4f47-9b92-8c9536a6951d",
      "ticker": "KXBTCD-25JUL2416-T119749.99",
      "order_id": "0c523b9a-f6a3-482c-8acf-a356eecb3ca9",
      "side": "no",
      "action": "buy",
      "count": 1,
      "yes_price": 11,
      "no_price": 89,
      "is_taker": true,
      "created_time": "2025-07-24T19:24:34.681878Z"
    },
    {
      "trade_id": "e140cd28-826e-4dfe-84eb-e9dcda68b7bc",
      "ticker": "KXBTCD-25JUL2416-T118749.99",
      "order_id": "f1bf0556-f3ab-4e46-9814-66b194856015",
      "side": "yes",
      "action": "buy",
      "count": 1,
      "yes_price": 96,
      "no_price": 4,
      "is_taker": true,
      "created_time": "2025-07-24T19:24:33.965189Z"
    },
    {
      "trade_id": "6a8883fc-4006-4f3f-8f16-ab7b285cfede",
      "ticker": "KXBTCD-25JUL2416-T119999.99",
      "order_id": "5634b394-d012-49e5-9d96-736c0d4588f6",
      "side": "no",
      "action": "buy",
      "count": 1,
      "yes_price": 3,
      "no_price": 97,
      "is_taker": true,
      "created_time": "2025-07-24T19:24:33.574947Z"
    },
    {
      "trade_id": "243a78ae-64a1-4745-8aad-bd372153ec1b",
      "ticker": "KXBTCD-25JUL2416-T118999.99",
      "order_id": "959701f8-e7c1-4cd4-8542-80056fbc425d",
      "side": "no",
      "action": "buy",
      "count": 1,
      "yes_price": 83,
      "no_price": 17,
      "is_taker": true,
      "created_time": "2025-07-24T19:17:29.970339Z"
    },
    {
      "trade_id": "51ab4941-d854-4a6f-8859-3bd282cde4b3",
      "ticker": "KXBTCD-25JUL2416-T118749.99",
      "order_id": "a2e2dde6-e225-4ddc-ad79-4e6d7181f2bb",
      "side": "no",
      "action": "buy",
      "count": 1,
      "yes_price": 93,
      "no_price": 7,
      "is_taker": true,
      "created_time": "2025-07-24T19:17:27.789893Z"
    },
    {
      "trade_id": "65b863af-38af-493c-86db-98c3ee0c1bfd",
      "ticker": "KXBTCD-25JUL2416-T118999.99",
      "order_id": "9857c885-4585-46e7-a36d-f414f83e237d",
      "side": "yes",
      "action": "buy",
      "count": 1,
      "yes_price": 85,
      "no_price": 15,
      "is_taker": true,
      "created_time": "2025-07-24T19:16:56.466799Z"
    },
    {
      "trade_id": "ce585155-03c2-462c-aba5-688e4a78ad0d",
      "ticker": "KXBTCD-25JUL2416-T118749.99",
      "order_id": "5e43bd17-d7eb-43b5-88be-0ce48bcf9182",
      "side": "yes",
      "action": "buy",
      "count": 1,
      "yes_price": 95,
      "no_price": 5,
      "is_taker": true,
      "created_time": "2025-07-24T19:11:21.165821Z"
    },
    {
      "trade_id": "72ddedb3-8307-44fb-b249-2816455207ad",
      "ticker": "KXBTCD-25JUL2415-T118999.99",
      "order_id": "e0727a19-ce7d-45c8-94ab-c8f378b9e1aa",
      "side": "no",
      "action": "buy",
      "count": 1,
      "yes_price": 71,
      "no_price": 29,
      "is_taker": true,
      "created_time": "2025-07-24T18:42:06.062496Z"
    },
    {
      "trade_id": "ad53f163-b322-4d0a-8330-b5b53440ef7b",
      "ticker": "KXBTCD-25JUL2415-T118749.99",
      "order_id": "ee7314ce-ab1a-4101-99c7-d62f1cf55f3e",
      "side": "no",
      "action": "buy",
      "count": 2,
      "yes_price": 95,
      "no_price": 5,
      "is_taker": true,
      "created_time": "2025-07-24T18:41:37.37313Z"
    },
    {
      "trade_id": "34e43969-b371-49ec-9af2-436cf21ee722",
      "ticker": "KXBTCD-25JUL2415-T119499.99",
      "order_id": "be53b88c-4a6c-4a12-835e-4866a477d5ec",
      "side": "yes",
      "action": "buy",
      "count": 1,
      "yes_price": 18,
      "no_price": 82,
      "is_taker": true,
      "created_time": "2025-07-24T18:40:27.134072Z"
    },
    {
      "trade_id": "307dac29-2b17-4683-85f4-7e52799261f3",
      "ticker": "KXBTCD-25JUL2415-T119249.99",
      "order_id": "694282cd-d5fd-4838-bbd4-075b97a8e56c",
      "side": "yes",
      "action": "buy",
      "count": 1,
      "yes_price": 50,
      "no_price": 50,
      "is_taker": true,
      "created_time": "2025-07-24T18:40:25.797649Z"
    },
    {
      "trade_id": "ad063544-d0af-48eb-a36f-038481eed275",
      "ticker": "KXBTCD-25JUL2415-T118999.99",
      "order_id": "7e42cec6-93a0-45ec-8fe3-bc20ced4c539",
      "side": "no",
      "action": "buy",
      "count": 1,
      "yes_price": 84,
      "no_price": 16,
      "is_taker": true,
      "created_time": "2025-07-24T18:40:24.747531Z"
    },
    {
      "trade_id": "76d1c9e8-89ee-4cca-a387-5db2f37209ff",
      "ticker": "KXBTCD-25JUL2415-T118749.99",
      "order_id": "9aae061a-d8d6-4369-bcbd-958781462dbf",
      "side": "no",
      "action": "buy",
      "count": 1,
      "yes_price": 96,
      "no_price": 4,
      "is_taker": true,
      "created_time": "2025-07-24T18:40:23.726264Z"
    },
    {
      "trade_id": "5d153097-5e54-45f1-b972-b42c2241c597",
      "ticker": "KXBTCD-25JUL2415-T119499.99",
      "order_id": "7c2bf121-b588-42da-96a6-6c08d1fd6347",
      "side": "no",
      "action": "buy",
      "count": 1,
      "yes_price": 11,
      "no_price": 89,
      "is_taker": true,
      "created_time": "2025-07-24T18:39:50.676987Z"
    },
    {
      "trade_id": "c094603c-9103-45b0-89af-fbe53a4c2818",
      "ticker": "KXBTCD-25JUL2415-T118749.99",
      "order_id": "4858f0dd-f934-49a1-a008-302436c146c4",
      "side": "yes",
      "action": "buy",
      "count": 1,
      "yes_price": 96,
      "no_price": 4,
      "is_taker": true,
      "created_time": "2025-07-24T18:39:50.45657Z"
    },
    {
      "trade_id": "7755da6b-df32-4f58-9607-a4ad030a1607",
      "ticker": "KXBTCD-25JUL2415-T118999.99",
      "order_id": "54bc2913-e569-433a-b15f-61233cbc9373",
      "side": "yes",
      "action": "buy",
      "count": 1,
      "yes_price": 77,
      "no_price": 23,
      "is_taker": true,
      "created_time": "2025-07-24T18:39:41.861006Z"
    },
    {
      "trade_id": "e6e997be-44cf-43b8-b62d-bd381dabd90e",
      "ticker": "KXBTCD-25JUL2415-T119499.99",
      "order_id": "f37d2be3-8966-4d92-b585-5b7ae738f89d",
      "side": "no",
      "action": "buy",
      "count": 1,
      "yes_price": 9,
      "no_price": 91,
      "is_taker": true,
      "created_time": "2025-07-24T18:39:40.394324Z"
    },
    {
      "trade_id": "5ad5dd82-2b10-4871-95fb-5dc4877b4dcb",
      "ticker": "KXBTCD-25JUL2415-T118749.99",
      "order_id": "bf2a18b2-94b3-43d1-96f1-5dbc334586c0",
      "side": "yes",
      "action": "buy",
      "count": 1,
      "yes_price": 96,
      "no_price": 4,
      "is_taker": true,
      "created_time": "2025-07-24T18:39:40.175065Z"
    },
    {
      "trade_id": "ef39ad9a-a816-4e74-86f2-8b18fae42a56",
      "ticker": "KXBTCD-25JUL2415-T119249.99",
      "order_id": "c99cd9d7-7bb4-4c6d-aaa9-78f57f32515b",
      "side": "no",
      "action": "buy",
      "count": 1,
      "yes_price": 33,
      "no_price": 67,
      "is_taker": true,
      "created_time": "2025-07-24T18:39:32.442318Z"
    },
    {
      "trade_id": "16285e35-2d1c-4b22-bd6a-5298f8cf9186",
      "ticker": "KXBTCD-25JUL2415-T118999.99",
      "order_id": "9d455363-2524-4837-a9c0-bac55e975ee1",
      "side": "yes",
      "action": "buy",
      "count": 1,
      "yes_price": 73,
      "no_price": 27,
      "is_taker": true,
      "created_time": "2025-07-24T18:39:31.194592Z"
    },
    {
      "trade_id": "ea412a6e-fc62-40be-ab16-49bfda3324fd",
      "ticker": "KXBTCD-25JUL2415-T119499.99",
      "order_id": "86d02d12-1b51-43b1-8aee-9e747840f25a",
      "side": "no",
      "action": "buy",
      "count": 1,
      "yes_price": 8,
      "no_price": 92,
      "is_taker": true,
      "created_time": "2025-07-24T18:39:29.969917Z"
    },
    {
      "trade_id": "58aa92f9-3ecb-4489-a5a5-725e3dac0515",
      "ticker": "KXBTCD-25JUL2415-T118749.99",
      "order_id": "e17cc8dc-ed02-4289-bd74-11e1b4ecad70",
      "side": "yes",
      "action": "buy",
      "count": 1,
      "yes_price": 94,
      "no_price": 6,
      "is_taker": true,
      "created_time": "2025-07-24T18:39:29.448854Z"
    },
    {
      "trade_id": "c5735f57-e74c-46d6-a5c6-48fdfe868a2e",
      "ticker": "KXBTCD-25JUL2415-T118749.99",
      "order_id": "35d797f6-4d8a-4a01-966c-aa44444dd1f5",
      "side": "no",
      "action": "buy",
      "count": 1,
      "yes_price": 93,
      "no_price": 7,
      "is_taker": true,
      "created_time": "2025-07-24T18:39:26.938199Z"
    },
    {
      "trade_id": "3e07c734-0bab-493b-b58d-b9fd00322071",
      "ticker": "KXBTCD-25JUL2415-T118999.99",
      "order_id": "8674001d-6d95-4942-8200-d648735a6788",
      "side": "no",
      "action": "buy",
      "count": 1,
      "yes_price": 71,
      "no_price": 29,
      "is_taker": true,
      "created_time": "2025-07-24T18:39:26.470661Z"
    },
    {
      "trade_id": "657ea6f1-2a0d-44cb-9f19-52b24d440516",
      "ticker": "KXBTCD-25JUL2415-T119249.99",
      "order_id": "06769e33-ac54-4225-999c-ca561e54e2ad",
      "side": "yes",
      "action": "buy",
      "count": 1,
      "yes_price": 32,
      "no_price": 68,
      "is_taker": true,
      "created_time": "2025-07-24T18:39:25.772139Z"
    },
    {
      "trade_id": "2553629a-e340-4af2-8526-b7dd69bbb82f",
      "ticker": "KXBTCD-25JUL2415-T119499.99",
      "order_id": "90808797-6099-4318-ad60-45dfe773b83c",
      "side": "yes",
      "action": "buy",
      "count": 1,
      "yes_price": 10,
      "no_price": 90,
      "is_taker": true,
      "created_time": "2025-07-24T18:39:25.18774Z"
    },
    {
      "trade_id": "b59ba481-2778-4e70-a51e-a5306f105ef2",
      "ticker": "KXBTCD-25JUL2415-T118999.99",
      "order_id": "230f46f0-4bb1-4149-b628-ee09547c4907",
      "side": "yes",
      "action": "buy",
      "count": 1,
      "yes_price": 69,
      "no_price": 31,
      "is_taker": true,
      "created_time": "2025-07-24T18:39:20.457624Z"
    },
    {
      "trade_id": "65da19be-7547-4ffc-aff2-7127a430b423",
      "ticker": "KXBTCD-25JUL2415-T119249.99",
      "order_id": "256ee46d-89c0-4789-9767-454ed1c6cb5d",
      "side": "no",
      "action": "buy",
      "count": 1,
      "yes_price": 28,
      "no_price": 72,
      "is_taker": true,
      "created_time": "2025-07-24T18:39:19.231274Z"
    },
    {
      "trade_id": "98345cc9-85e1-43bc-a6bb-5c3c4013424c",
      "ticker": "KXBTCD-25JUL2415-T118749.99",
      "order_id": "8a94e57a-1b72-4b56-a246-4564639637c8",
      "side": "yes",
      "action": "buy",
      "count": 1,
      "yes_price": 93,
      "no_price": 7,
      "is_taker": true,
      "created_time": "2025-07-24T18:39:19.018598Z"
    },
    {
      "trade_id": "01551050-8712-4278-b72f-c54d2e78edb8",
      "ticker": "KXBTCD-25JUL2415-T119499.99",
      "order_id": "246e85a3-3695-46df-8b66-81036c4c885c",
      "side": "no",
      "action": "buy",
      "count": 1,
      "yes_price": 6,
      "no_price": 94,
      "is_taker": true,
      "created_time": "2025-07-24T18:39:18.790976Z"
    },
    {
      "trade_id": "def303f8-8340-448b-9850-2adbc19aead2",
      "ticker": "KXBTCD-25JUL2415-T118749.99",
      "order_id": "bcfdf5f1-e78d-4873-a605-725a51cb6cac",
      "side": "no",
      "action": "buy",
      "count": 2,
      "yes_price": 91,
      "no_price": 9,
      "is_taker": true,
      "created_time": "2025-07-24T18:36:49.631177Z"
    },
    {
      "trade_id": "4ac17fbc-6775-4f8a-9686-fabb4d1a359d",
      "ticker": "KXBTCD-25JUL2415-T119499.99",
      "order_id": "d377eebc-d82c-4b48-b835-fe5f9f79d27c",
      "side": "yes",
      "action": "buy",
      "count": 2,
      "yes_price": 10,
      "no_price": 90,
      "is_taker": true,
      "created_time": "2025-07-24T18:36:48.857374Z"
    },
    {
      "trade_id": "f2f17b9c-6419-4945-be72-a47e719d2200",
      "ticker": "KXBTCD-25JUL2415-T119499.99",
      "order_id": "6122a030-029f-40c0-9808-ed1b16f352ec",
      "side": "yes",
      "action": "buy",
      "count": 2,
      "yes_price": 10,
      "no_price": 90,
      "is_taker": true,
      "created_time": "2025-07-24T18:36:47.982233Z"
    },
    {
      "trade_id": "6985063b-d8e3-41a1-96b6-4838d0220a38",
      "ticker": "KXBTCD-25JUL2415-T118749.99",
      "order_id": "380b0949-0b7c-4bc6-99d8-1cb6893b04ff",
      "side": "yes",
      "action": "buy",
      "count": 1,
      "yes_price": 92,
      "no_price": 8,
      "is_taker": true,
      "created_time": "2025-07-24T18:36:34.918479Z"
    },
    {
      "trade_id": "aa434487-2d9f-4c4a-ad96-f7077baf4b20",
      "ticker": "KXBTCD-25JUL2415-T119499.99",
      "order_id": "eb174f05-8991-4b54-91f7-cedbf906b576",
      "side": "no",
      "action": "buy",
      "count": 1,
      "yes_price": 9,
      "no_price": 91,
      "is_taker": true,
      "created_time": "2025-07-24T18:36:34.68323Z"
    },
    {
      "trade_id": "31b18f55-5786-4036-b446-b1dc916f10c0",
      "ticker": "KXBTCD-25JUL2415-T118749.99",
      "order_id": "68860046-5805-49b4-8a2b-1b8e580a1ab0",
      "side": "yes",
      "action": "buy",
      "count": 1,
      "yes_price": 92,
      "no_price": 8,
      "is_taker": true,
      "created_time": "2025-07-24T18:36:24.044863Z"
    },
    {
      "trade_id": "8d326f23-0f8f-4536-a050-e9bc580e36ef",
      "ticker": "KXBTCD-25JUL2415-T119499.99",
      "order_id": "d60ee1c2-feff-4aa4-87c8-495ba4650fee",
      "side": "no",
      "action": "buy",
      "count": 1,
      "yes_price": 7,
      "no_price": 93,
      "is_taker": true,
      "created_time": "2025-07-24T18:36:23.795102Z"
    },
    {
      "trade_id": "f54ecdd6-0737-4f75-bced-dc1b4df3969c",
      "ticker": "KXBTCD-25JUL2415-T118749.99",
      "order_id": "7350f013-5c90-41b1-beae-357a3214ec80",
      "side": "no",
      "action": "buy",
      "count": 2,
      "yes_price": 94,
      "no_price": 6,
      "is_taker": true,
      "created_time": "2025-07-24T18:34:03.294071Z"
    },
    {
      "trade_id": "8c23df1d-824f-4529-a642-383d55c06760",
      "ticker": "KXBTCD-25JUL2415-T118749.99",
      "order_id": "efb90444-141d-413b-967e-bde25e53df63",
      "side": "yes",
      "action": "buy",
      "count": 2,
      "yes_price": 97,
      "no_price": 3,
      "is_taker": true,
      "created_time": "2025-07-24T18:33:56.166163Z"
    },
    {
      "trade_id": "7d8c6e0a-4d4c-49ba-8b72-68cf8a6771ca",
      "ticker": "KXBTCD-25JUL2415-T118749.99",
      "order_id": "401a4739-cbdd-4a91-88d5-170320e326a7",
      "side": "no",
      "action": "buy",
      "count": 1,
      "yes_price": 91,
      "no_price": 9,
      "is_taker": true,
      "created_time": "2025-07-24T18:18:17.833368Z"
    },
    {
      "trade_id": "81d95f6f-1284-4a39-8bcd-643b0ec4a65b",
      "ticker": "KXBTCD-25JUL2415-T118749.99",
      "order_id": "9ecc3377-c6ad-4e7c-8a90-0e64205ac84f",
      "side": "yes",
      "action": "buy",
      "count": 1,
      "yes_price": 97,
      "no_price": 3,
      "is_taker": true,
      "created_time": "2025-07-24T18:18:09.360124Z"
    },
    {
      "trade_id": "89e5dde0-5600-41ca-a951-b77af6bda2c0",
      "ticker": "KXBTCD-25JUL2415-T119749.99",
      "order_id": "fda5920b-f789-4fd1-b5f0-f9b34338d23d",
      "side": "yes",
      "action": "buy",
      "count": 1,
      "yes_price": 22,
      "no_price": 78,
      "is_taker": true,
      "created_time": "2025-07-24T18:12:14.966256Z"
    },
    {
      "trade_id": "5c6b1fb7-b72c-4c60-8052-7fab3c41da6c",
      "ticker": "KXBTCD-25JUL2415-T119749.99",
      "order_id": "19102bb2-feeb-4a64-8759-4b341a37f0c7",
      "side": "no",
      "action": "buy",
      "count": 1,
      "yes_price": 17,
      "no_price": 83,
      "is_taker": true,
      "created_time": "2025-07-24T18:12:04.966892Z"
    },
    {
      "trade_id": "7b4d4326-7d46-4c33-ab46-451c7b9f3927",
      "ticker": "KXBTCD-25JUL2415-T119749.99",
      "order_id": "3a19b311-5dba-4af7-b42f-e0fe75a421ec",
      "side": "yes",
      "action": "buy",
      "count": 1,
      "yes_price": 26,
      "no_price": 74,
      "is_taker": true,
      "created_time": "2025-07-24T18:11:16.041841Z"
    },
    {
      "trade_id": "2c481418-154c-4d59-9842-35e8521467e6",
      "ticker": "KXBTCD-25JUL2415-T119749.99",
      "order_id": "dae4d21f-3d84-4909-a09c-978140b960ec",
      "side": "no",
      "action": "buy",
      "count": 1,
      "yes_price": 21,
      "no_price": 79,
      "is_taker": true,
      "created_time": "2025-07-24T18:11:07.134953Z"
    },
    {
      "trade_id": "795a3ea8-8a02-4435-8248-f2a1c9b7c909",
      "ticker": "KXBTCD-25JUL2415-T118749.99",
      "order_id": "e2a21d53-26e3-4d0f-b09f-66cdf71eddff",
      "side": "no",
      "action": "buy",
      "count": 1,
      "yes_price": 90,
      "no_price": 10,
      "is_taker": true,
      "created_time": "2025-07-24T18:08:31.463666Z"
    },
    {
      "trade_id": "8f6b4742-d088-40db-9c68-34a28c43ee2f",
      "ticker": "KXBTCD-25JUL2415-T118749.99",
      "order_id": "ed11d75f-893c-4d8f-9c38-24f403977c2d",
      "side": "yes",
      "action": "buy",
      "count": 1,
      "yes_price": 96,
      "no_price": 4,
      "is_taker": true,
      "created_time": "2025-07-24T18:08:24.567493Z"
    },
    {
      "trade_id": "e437d982-cffb-45e8-89d3-744a5354b2f4",
      "ticker": "KXBTCD-25JUL2415-T118749.99",
      "order_id": "20e0fa91-eac7-4d8c-8029-423954bb04c0",
      "side": "no",
      "action": "buy",
      "count": 1,
      "yes_price": 88,
      "no_price": 12,
      "is_taker": true,
      "created_time": "2025-07-24T18:06:05.907253Z"
    },
    {
      "trade_id": "1d0b1b80-7ef0-404e-881e-bc6bba177b3d",
      "ticker": "KXBTCD-25JUL2415-T118749.99",
      "order_id": "42aae1ed-fee9-40d1-91cb-5f7197274896",
      "side": "yes",
      "action": "buy",
      "count": 1,
      "yes_price": 95,
      "no_price": 5,
      "is_taker": true,
      "created_time": "2025-07-24T18:05:55.189261Z"
    },
    {
      "trade_id": "4bddce00-dba9-4fa5-8f5b-e5426638f11b",
      "ticker": "KXBTCD-25JUL2414-T119499.99",
      "order_id": "d378c883-ccc7-4c0d-a0f9-ccb7c0922875",
      "side": "no",
      "action": "buy",
      "count": 1,
      "yes_price": 5,
      "no_price": 95,
      "is_taker": true,
      "created_time": "2025-07-24T17:50:02.759929Z"
    },
    {
      "trade_id": "03a32841-fda1-41be-9b46-60df5f91a501",
      "ticker": "KXBTCD-25JUL2414-T118499.99",
      "order_id": "abf11329-c967-46eb-b877-84aeb79e72c0",
      "side": "no",
      "action": "buy",
      "count": 1,
      "yes_price": 98,
      "no_price": 2,
      "is_taker": true,
      "created_time": "2025-07-24T17:45:34.667472Z"
    },
    {
      "trade_id": "929250fd-6e8c-4ee3-bb4b-875b12c080b8",
      "ticker": "KXBTCD-25JUL2414-T119499.99",
      "order_id": "2233e935-5662-4c05-ba08-28cf93ff4a9c",
      "side": "no",
      "action": "buy",
      "count": 2,
      "yes_price": 9,
      "no_price": 91,
      "is_taker": true,
      "created_time": "2025-07-24T17:45:23.186332Z"
    },
    {
      "trade_id": "34cb5ab3-3309-4e4b-b907-ffd0ae496dad",
      "ticker": "KXBTCD-25JUL2414-T118999.99",
      "order_id": "addbe4a3-a24b-41b3-90f4-0c009aafab67",
      "side": "no",
      "action": "buy",
      "count": 1,
      "yes_price": 90,
      "no_price": 10,
      "is_taker": true,
      "created_time": "2025-07-24T17:44:39.047886Z"
    },
    {
      "trade_id": "95924c45-2b36-45e5-bc90-528bd7452a32",
      "ticker": "KXBTCD-25JUL2414-T119499.99",
      "order_id": "c0263561-9b47-4f6c-b341-7869be157f1b",
      "side": "yes",
      "action": "buy",
      "count": 2,
      "yes_price": 10,
      "no_price": 90,
      "is_taker": true,
      "created_time": "2025-07-24T17:44:37.378684Z"
    },
    {
      "trade_id": "0bf39bea-dd35-4689-92aa-1fba20db5c89",
      "ticker": "KXBTCD-25JUL2414-T119499.99",
      "order_id": "ae792e3a-0367-4da8-a093-0e83c988991a",
      "side": "yes",
      "action": "buy",
      "count": 2,
      "yes_price": 10,
      "no_price": 90,
      "is_taker": true,
      "created_time": "2025-07-24T17:44:36.520522Z"
    },
    {
      "trade_id": "69bb59b8-76b8-4656-961b-b462b1d49a8c",
      "ticker": "KXBTCD-25JUL2414-T118999.99",
      "order_id": "81e73686-8078-4433-a737-c8d533cb09b1",
      "side": "yes",
      "action": "buy",
      "count": 1,
      "yes_price": 93,
      "no_price": 7,
      "is_taker": true,
      "created_time": "2025-07-24T17:43:29.469204Z"
    },
    {
      "trade_id": "f968e33d-3fc3-4fa4-945f-e7feab98c141",
      "ticker": "KXBTCD-25JUL2414-T119499.99",
      "order_id": "41b19022-fb2d-4d65-85b0-3b9a776aa1bf",
      "side": "no",
      "action": "buy",
      "count": 1,
      "yes_price": 11,
      "no_price": 89,
      "is_taker": true,
      "created_time": "2025-07-24T17:43:03.293523Z"
    },
    {
      "trade_id": "192a4667-ad10-4450-94e7-1841e187df4c",
      "ticker": "KXBTCD-25JUL2414-T119499.99",
      "order_id": "19d2b345-a194-47be-8cf8-1731ef5b4da7",
      "side": "no",
      "action": "buy",
      "count": 1,
      "yes_price": 11,
      "no_price": 89,
      "is_taker": true,
      "created_time": "2025-07-24T17:43:02.266108Z"
    },
    {
      "trade_id": "6209e264-0037-474e-8475-69eefba4ff30",
      "ticker": "KXBTCD-25JUL2414-T119749.99",
      "order_id": "d043ac8f-56d0-4a60-b8de-06a8520313b8",
      "side": "yes",
      "action": "buy",
      "count": 1,
      "yes_price": 5,
      "no_price": 95,
      "is_taker": true,
      "created_time": "2025-07-24T17:41:15.040444Z"
    },
    {
      "trade_id": "ee02b096-0116-4d26-a290-7331d0c67f07",
      "ticker": "KXBTCD-25JUL2414-T119749.99",
      "order_id": "c2d62ab2-9a06-4097-b6fa-056ed734ae20",
      "side": "no",
      "action": "buy",
      "count": 1,
      "yes_price": 2,
      "no_price": 98,
      "is_taker": true,
      "created_time": "2025-07-24T17:38:23.39354Z"
    },
    {
      "trade_id": "3300fc8c-2b4a-4397-a1ab-bd18d58b5624",
      "ticker": "KXBTCD-25JUL2414-T118499.99",
      "order_id": "8bdfdf88-7c1e-4454-9cca-9fd407ab8f13",
      "side": "no",
      "action": "buy",
      "count": 1,
      "yes_price": 96,
      "no_price": 4,
      "is_taker": true,
      "created_time": "2025-07-24T17:37:29.627065Z"
    },
    {
      "trade_id": "71bbb492-5ad7-4cae-86fe-d3aaa62b3fd3",
      "ticker": "KXBTCD-25JUL2414-T118499.99",
      "order_id": "b089201c-c6db-4b5b-a330-c937a91f2fe8",
      "side": "yes",
      "action": "buy",
      "count": 1,
      "yes_price": 97,
      "no_price": 3,
      "is_taker": true,
      "created_time": "2025-07-24T17:37:22.528671Z"
    },
    {
      "trade_id": "24a6cced-b8b0-44d1-bd72-33b24610ccc4",
      "ticker": "KXBTCD-25JUL2414-T118499.99",
      "order_id": "bcf67437-5050-4c56-a918-40a12b1e74b0",
      "side": "yes",
      "action": "buy",
      "count": 1,
      "yes_price": 97,
      "no_price": 3,
      "is_taker": true,
      "created_time": "2025-07-24T17:37:15.745018Z"
    },
    {
      "trade_id": "e132bd43-a6f6-4279-8911-31c290aefd52",
      "ticker": "KXBTCD-25JUL2414-T118499.99",
      "order_id": "21944b0e-6a25-4e65-a9d5-a016edc7fa6b",
      "side": "no",
      "action": "buy",
      "count": 1,
      "yes_price": 96,
      "no_price": 4,
      "is_taker": true,
      "created_time": "2025-07-24T17:36:47.836804Z"
    },
    {
      "trade_id": "0195268a-e021-4d77-b94e-54759f301985",
      "ticker": "KXBTCD-25JUL2414-T118499.99",
      "order_id": "f24f3499-87eb-4ea5-ba11-7a4f7845bb71",
      "side": "yes",
      "action": "buy",
      "count": 1,
      "yes_price": 96,
      "no_price": 4,
      "is_taker": true,
      "created_time": "2025-07-24T17:33:07.432974Z"
    },
    {
      "trade_id": "8c40d7c2-7686-4907-85e3-5669b37fd823",
      "ticker": "KXBTCD-25JUL2414-T118499.99",
      "order_id": "7be1ed60-742b-44f5-abc6-a39e9ff1b3e3",
      "side": "no",
      "action": "buy",
      "count": 1,
      "yes_price": 95,
      "no_price": 5,
      "is_taker": true,
      "created_time": "2025-07-24T17:32:36.365685Z"
    },
    {
      "trade_id": "d48d65c8-bb5a-41bb-a2e7-3d8535841ad6",
      "ticker": "KXBTCD-25JUL2414-T118499.99",
      "order_id": "4f455f9d-13f7-44d5-bd63-2e1417cf7e7f",
      "side": "yes",
      "action": "buy",
      "count": 1,
      "yes_price": 96,
      "no_price": 4,
      "is_taker": true,
      "created_time": "2025-07-24T17:31:46.733583Z"
    },
    {
      "trade_id": "d31a3a96-b3a1-4ec8-8239-bd8674eddaff",
      "ticker": "KXBTCD-25JUL2414-T118499.99",
      "order_id": "e9582560-459b-4e8a-b612-80b29cfcff1f",
      "side": "no",
      "action": "buy",
      "count": 1,
      "yes_price": 95,
      "no_price": 5,
      "is_taker": true,
      "created_time": "2025-07-24T17:30:36.495008Z"
    },
    {
      "trade_id": "c33a1719-b264-4363-ba24-384d5911044f",
      "ticker": "KXBTCD-25JUL2414-T119499.99",
      "order_id": "9b2a7812-4aa3-4b5d-8145-20fb281f5b94",
      "side": "yes",
      "action": "buy",
      "count": 1,
      "yes_price": 15,
      "no_price": 85,
      "is_taker": true,
      "created_time": "2025-07-24T17:30:35.039162Z"
    },
    {
      "trade_id": "3b63a0ec-2e36-415e-b10c-4aa31c344846",
      "ticker": "KXBTCD-25JUL2414-T119749.99",
      "order_id": "6cf447bd-77b9-4e70-8c8b-48ddc895333b",
      "side": "yes",
      "action": "buy",
      "count": 1,
      "yes_price": 8,
      "no_price": 92,
      "is_taker": true,
      "created_time": "2025-07-24T17:30:33.570369Z"
    },
    {
      "trade_id": "bca89d9e-4b87-47a2-b423-0f9071ebce12",
      "ticker": "KXBTCD-25JUL2414-T119499.99",
      "order_id": "aef478a5-c9b1-4a5f-91e3-07e87bb3de5e",
      "side": "no",
      "action": "buy",
      "count": 1,
      "yes_price": 11,
      "no_price": 89,
      "is_taker": true,
      "created_time": "2025-07-24T17:30:06.694113Z"
    },
    {
      "trade_id": "1c384950-43bd-4386-8ef6-7baa5572418f",
      "ticker": "KXBTCD-25JUL2414-T119749.99",
      "order_id": "4d0c4b0f-fd41-4328-917e-8effd418c8d7",
      "side": "no",
      "action": "buy",
      "count": 1,
      "yes_price": 4,
      "no_price": 96,
      "is_taker": true,
      "created_time": "2025-07-24T17:29:58.803218Z"
    },
    {
      "trade_id": "8950cb19-d710-4aeb-851a-1ff1229588b6",
      "ticker": "KXBTCD-25JUL2414-T118499.99",
      "order_id": "a66a7d09-02c4-4cbf-bdc9-efbfa1bd618e",
      "side": "yes",
      "action": "buy",
      "count": 1,
      "yes_price": 96,
      "no_price": 4,
      "is_taker": true,
      "created_time": "2025-07-24T17:29:18.918587Z"
    },
    {
      "trade_id": "10d4af6f-b456-4170-9852-a7e30700f7e1",
      "ticker": "KXBTCD-25JUL2414-T119749.99",
      "order_id": "1af0ff53-c1c4-4eed-ae2b-d114c7ac0e1d",
      "side": "yes",
      "action": "buy",
      "count": 1,
      "yes_price": 6,
      "no_price": 94,
      "is_taker": true,
      "created_time": "2025-07-24T17:25:45.904124Z"
    },
    {
      "trade_id": "8783b5eb-92e7-4012-a3a4-5016055d72cb",
      "ticker": "KXBTCD-25JUL2414-T119749.99",
      "order_id": "2a690f38-d765-4660-a11c-c155c35c04ce",
      "side": "no",
      "action": "buy",
      "count": 1,
      "yes_price": 5,
      "no_price": 95,
      "is_taker": true,
      "created_time": "2025-07-24T17:25:35.846153Z"
    },
    {
      "trade_id": "5b9d437f-4cdb-4bd6-b955-967b1eb045de",
      "ticker": "KXBTCD-25JUL2414-T119749.99",
      "order_id": "21a83379-b488-431d-971a-2582c379559b",
      "side": "yes",
      "action": "buy",
      "count": 1,
      "yes_price": 6,
      "no_price": 94,
      "is_taker": true,
      "created_time": "2025-07-24T17:25:31.571112Z"
    },
    {
      "trade_id": "7468ae77-8f0c-4fd8-9b2a-5c7eb2f9d85b",
      "ticker": "KXBTCD-25JUL2414-T118499.99",
      "order_id": "e57af594-8b4b-48c2-81c7-f8b441c0e730",
      "side": "no",
      "action": "buy",
      "count": 1,
      "yes_price": 95,
      "no_price": 5,
      "is_taker": true,
      "created_time": "2025-07-24T17:25:30.217509Z"
    },
    {
      "trade_id": "7cf8cc5a-bb38-4a37-9287-3489373e61a1",
      "ticker": "KXBTCD-25JUL2414-T119749.99",
      "order_id": "bc5edf9d-b773-466c-a05a-64bdbed5d083",
      "side": "no",
      "action": "buy",
      "count": 1,
      "yes_price": 5,
      "no_price": 95,
      "is_taker": true,
      "created_time": "2025-07-24T17:25:00.132944Z"
    },
    {
      "trade_id": "86d02d97-9c3c-402c-8c7a-e732f4459b97",
      "ticker": "KXBTCD-25JUL2414-T118499.99",
      "order_id": "d09453c4-0348-4b77-881e-1c97af967aa4",
      "side": "yes",
      "action": "buy",
      "count": 1,
      "yes_price": 96,
      "no_price": 4,
      "is_taker": true,
      "created_time": "2025-07-24T17:24:50.874322Z"
    },
    {
      "trade_id": "7b7083e4-0189-4860-8032-40d30676a551",
      "ticker": "KXBTCD-25JUL2414-T119499.99",
      "order_id": "dc2f105a-397d-4094-be4f-06cd1fc26dfb",
      "side": "yes",
      "action": "buy",
      "count": 1,
      "yes_price": 13,
      "no_price": 87,
      "is_taker": true,
      "created_time": "2025-07-24T17:23:15.055833Z"
    },
    {
      "trade_id": "2608c936-c68a-480b-8d84-15e82749033f",
      "ticker": "KXBTCD-25JUL2414-T118499.99",
      "order_id": "ee6b3e3f-225f-4e58-9278-80674e2b566d",
      "side": "no",
      "action": "buy",
      "count": 1,
      "yes_price": 93,
      "no_price": 7,
      "is_taker": true,
      "created_time": "2025-07-24T17:23:10.894353Z"
    },
    {
      "trade_id": "cd59648c-0c3c-472f-9774-c60894445ea2",
      "ticker": "KXBTCD-25JUL2414-T119499.99",
      "order_id": "72fa8fbe-7611-45b8-9d0d-bd2868076f78",
      "side": "no",
      "action": "buy",
      "count": 1,
      "yes_price": 5,
      "no_price": 95,
      "is_taker": true,
      "created_time": "2025-07-24T17:17:08.151462Z"
    },
    {
      "trade_id": "9966ae2f-6a14-48c7-9696-fe9a5e75afae",
      "ticker": "KXBTCD-25JUL2414-T118499.99",
      "order_id": "3a322af9-f896-47df-9b1f-7a0bb909c946",
      "side": "yes",
      "action": "buy",
      "count": 1,
      "yes_price": 93,
      "no_price": 7,
      "is_taker": true,
      "created_time": "2025-07-24T17:16:05.127784Z"
    },
    {
      "trade_id": "a2ec2a18-79da-42f5-897d-e638957b2a53",
      "ticker": "KXBTCD-25JUL2412-T118749.99",
      "order_id": "c144031c-c1b7-4db4-811a-09f4e7707e9b",
      "side": "no",
      "action": "buy",
      "count": 1,
      "yes_price": 52,
      "no_price": 48,
      "is_taker": true,
      "created_time": "2025-07-24T15:34:56.195441Z"
    },
    {
      "trade_id": "19372460-83f0-471a-a3be-067fa45998f9",
      "ticker": "KXBTCD-25JUL2412-T118749.99",
      "order_id": "20a6a181-8791-441b-ba17-eff3b0dfd29c",
      "side": "yes",
      "action": "buy",
      "count": 1,
      "yes_price": 57,
      "no_price": 43,
      "is_taker": true,
      "created_time": "2025-07-24T15:34:40.771458Z"
    },
    {
      "trade_id": "12623217-c012-43e8-91f4-8a03c15baf8d",
      "ticker": "KXBTCD-25JUL2412-T118749.99",
      "order_id": "c96dd994-21a9-456f-bfb6-b6634bc64a27",
      "side": "yes",
      "action": "buy",
      "count": 1,
      "yes_price": 58,
      "no_price": 42,
      "is_taker": true,
      "created_time": "2025-07-24T15:34:23.34412Z"
    },
    {
      "trade_id": "1e08f0a2-f70d-4c1d-8a55-d65ae4d9964c",
      "ticker": "KXBTCD-25JUL2412-T118749.99",
      "order_id": "e0ed5f55-10ad-46dc-9638-9f867411f646",
      "side": "no",
      "action": "buy",
      "count": 1,
      "yes_price": 60,
      "no_price": 40,
      "is_taker": true,
      "created_time": "2025-07-24T15:34:07.470383Z"
    },
    {
      "trade_id": "bb7aea67-ea71-4719-8e55-5c1941963b31",
      "ticker": "KXBTCD-25JUL2412-T118749.99",
      "order_id": "c79e8083-497a-4a96-9a5c-9472069510da",
      "side": "no",
      "action": "buy",
      "count": 1,
      "yes_price": 56,
      "no_price": 44,
      "is_taker": true,
      "created_time": "2025-07-24T15:33:53.7268Z"
    },
    {
      "trade_id": "c2fa4d31-7152-4552-9cc8-85283746c176",
      "ticker": "KXBTCD-25JUL2412-T119999.99",
      "order_id": "5cdcb3fe-9c51-41f7-9f0c-806a3f38cd82",
      "side": "yes",
      "action": "buy",
      "count": 1,
      "yes_price": 3,
      "no_price": 97,
      "is_taker": true,
      "created_time": "2025-07-24T15:33:52.999763Z"
    },
    {
      "trade_id": "64fe3a3b-3298-4549-801f-6d2808aecb2c",
      "ticker": "KXBTCD-25JUL2412-T119749.99",
      "order_id": "4fcde50c-877e-4b00-aa06-6aea7b0cb895",
      "side": "yes",
      "action": "buy",
      "count": 1,
      "yes_price": 1,
      "no_price": 99,
      "is_taker": true,
      "created_time": "2025-07-24T15:33:51.941473Z"
    },
    {
      "trade_id": "64754c37-164b-4117-bf74-1e03e01a7188",
      "ticker": "KXBTCD-25JUL2412-T118499.99",
      "order_id": "d8758a34-a493-4e7c-9b57-115ad4fafe3e",
      "side": "yes",
      "action": "buy",
      "count": 1,
      "yes_price": 79,
      "no_price": 21,
      "is_taker": true,
      "created_time": "2025-07-24T15:33:05.08262Z"
    },
    {
      "trade_id": "03e2d381-22aa-4b6c-8422-0deb92593f7f",
      "ticker": "KXBTCD-25JUL2412-T118749.99",
      "order_id": "48858087-094a-4383-a68c-648330e9600c",
      "side": "yes",
      "action": "buy",
      "count": 1,
      "yes_price": 64,
      "no_price": 36,
      "is_taker": true,
      "created_time": "2025-07-24T15:32:16.37423Z"
    },
    {
      "trade_id": "4b0a5507-53e7-484b-ab1a-7c3bbfb47d68",
      "ticker": "KXBTCD-25JUL2412-T118499.99",
      "order_id": "0588b7f0-549a-4240-8167-3744996c948d",
      "side": "no",
      "action": "buy",
      "count": 1,
      "yes_price": 87,
      "no_price": 13,
      "is_taker": true,
      "created_time": "2025-07-24T15:32:03.487324Z"
    },
    {
      "trade_id": "bf1b477a-9041-4c0e-a49a-474e965d059f",
      "ticker": "KXBTCD-25JUL2412-T118499.99",
      "order_id": "0c8bf882-68a0-4d4f-9b4d-26580fdadb5d",
      "side": "yes",
      "action": "buy",
      "count": 1,
      "yes_price": 91,
      "no_price": 9,
      "is_taker": true,
      "created_time": "2025-07-24T15:25:34.882986Z"
    },
    {
      "trade_id": "f6b4fbbb-6187-4582-b315-5eec1c79a195",
      "ticker": "KXBTCD-25JUL2412-T119749.99",
      "order_id": "77078248-31b0-4e4a-9f74-bb5c92e52e54",
      "side": "no",
      "action": "buy",
      "count": 1,
      "yes_price": 3,
      "no_price": 97,
      "is_taker": true,
      "created_time": "2025-07-24T15:24:49.877911Z"
    },
    {
      "trade_id": "77045590-89df-4a6b-968f-f3db125747ac",
      "ticker": "KXBTCD-25JUL2412-T118499.99",
      "order_id": "9521753e-89c7-428e-92e3-230025542cc2",
      "side": "no",
      "action": "buy",
      "count": 1,
      "yes_price": 88,
      "no_price": 12,
      "is_taker": true,
      "created_time": "2025-07-24T15:24:33.238903Z"
    },
    {
      "trade_id": "cd4ca26c-b4c4-4b3e-9bf4-b31006a8d0dd",
      "ticker": "KXBTCD-25JUL2412-T119999.99",
      "order_id": "d1236821-1300-4436-b270-b5e1cc6b5334",
      "side": "no",
      "action": "buy",
      "count": 1,
      "yes_price": 2,
      "no_price": 98,
      "is_taker": true,
      "created_time": "2025-07-24T15:24:23.544896Z"
    },
    {
      "trade_id": "e1e6bbff-3f7e-4251-bb8f-fb8855626e50",
      "ticker": "KXBTCD-25JUL2411-T118249.99",
      "order_id": "e1e6ba5b-0948-4d3a-ae5b-055918e1ace9",
      "side": "yes",
      "action": "buy",
      "count": 18,
      "yes_price": 98,
      "no_price": 2,
      "is_taker": true,
      "created_time": "2025-07-24T14:48:02.776929Z"
    },
    {
      "trade_id": "bd15add9-37f5-4974-a807-dcca515d6f57",
      "ticker": "KXBTCD-25JUL2411-T118249.99",
